5206 6988
2833 519 2906 567 lV

1259 716 1493 807 Itaque
1545 737 1687 788 cum
1742 713 1903 787 mihi
1956 714 2371 807 adparuisset
2414 736 2500 787 ex
2533 714 2850 789 Politiani
2895 715 3112 788 codice
3171 737 3396 787 omnes
3444 714 3553 807 qui
3611 736 3782 787 nunc
3833 717 4182 807 supersunt
4214 712 4421 785 libros
4454 712 4690 783 ductos

1058 874 1236 942 esse,
1309 873 1518 944 neque
1582 873 1732 923 vero
1808 850 2020 942 ipsum
2088 850 2512 943 archetypum
2566 873 2645 923 ea
2713 851 3091 944 diligentia,
3168 872 3364 943 quam
3417 874 3538 924 nos
3589 851 4064 939 desideramus),
4139 850 4223 920 ab
4289 848 4407 921 illo
4484 849 4688 940 plane

1056 1008 1402 1060 excussum
1458 1009 1603 1060 esse
1651 986 1993 1077 vidissem,
2058 988 2144 1061 ad
2228 986 2423 1060 fidem
2486 987 2628 1060 eius
2698 988 3126 1080 supplendam
3200 990 3300 1063 vel
3369 987 3877 1061 confirmandam
3945 985 4329 1079 apographa
4390 984 4685 1057 eiusdem

1058 1124 1298 1198 codicis
1382 1123 1754 1195 adhibenda
1825 1125 2029 1195 erant.
2102 1119 2207 1194 his
2294 1122 2658 1195 rationibus
2719 1118 2949 1195 ductus
3040 1146 3248 1216 nuper
3311 1123 3578 1196 Catonis
3646 1121 3885 1195 librum
3936 1123 4015 1194 ad
4089 1120 4281 1194 fidem
4342 1120 4685 1213 archetypi

1058 1266 1361 1334 exactum
1445 1260 1638 1332 edidi.
1712 1259 1793 1331 de
1855 1259 2042 1331 libris
2119 1258 2229 1351 qui
2292 1258 2452 1330 mihi
2526 1260 2609 1331 ad
2670 1280 2813 1333 eam
2877 1278 3017 1333 rem
3077 1260 3295 1354 parati
3361 1264 3547 1333 erant
3614 1264 3752 1332 tum
3822 1260 4073 1349 dicam,
4152 1280 4298 1331 cum
4368 1258 4690 1331 Varronis

1053 1397 1259 1471 libros
1330 1395 1634 1469 similiter
1702 1396 1780 1466 ad
1851 1394 2044 1466 fidem
2104 1394 2341 1467 codicis
2403 1399 2671 1469 exactos
2727 1396 3059 1470 addidero.
3132 1397 3396 1470 interim
3474 1397 3597 1469 hac
3667 1396 3988 1469 scribendi
4051 1395 4417 1484 occasione,
4508 1416 4686 1485 quae

1061 1534 1217 1607 mihi
1266 1534 1487 1608 oblata
1541 1536 1662 1621 est,
1720 1535 1891 1620 utar,
1944 1535 2017 1602 ut
2066 1550 2143 1603 ea
2197 1552 2364 1624 quae
2415 1532 2793 1625 legentibus
2847 1555 3010 1627 opus
3059 1556 3207 1607 esse
3263 1532 3657 1608 videbuntur
3707 1554 4049 1625 exponam.

1260 1669 1771 1743 Politianus
1824 1667 2050 1760 igitur,
2104 1672 2176 1740 ut
2207 1668 2368 1757 dixi,
2423 1670 2673 1742 duobus
2730 1670 3056 1743 codicibus
3110 1693 3265 1743 usus
3319 1672 3607 1743 est.sed
3636 1692 3859 1744 eorum
3894 1692 4094 1742 unum
4128 1668 4687 1761 antiquissimum,

1060 1828 1250 1898 quem
1296 1803 1676 1897 supradixi,
1736 1824 1879 1875 cum
1933 1803 2103 1876 edito
2159 1792 2521 1897 exemplari
2579 1805 2678 1879 ita
2732 1806 3028 1895 contulit,
3082 1810 3156 1879 ut
3216 1828 3468 1880 omnem
3520 1806 3884 1898 scripturae
3938 1806 4448 1898 discrepantiam
4483 1806 4692 1877 adno-

1055 1946 1256 2032 taret,
1311 1963 1395 2014 ex
1442 1944 1662 2013 altero.
1688 1960 1942 2032 pauca,
1998 1962 2165 2031 quae
2218 1940 2501 2013 maxime
2555 1942 3002 2049 memorabilia
3055 1942 3468 2032 videbantur,
3526 1942 3876 2034 adscripsit
3928 1948 3993 2015 et
4045 1944 4239 2016 rubro
4289 1941 4504 2015 colore
4566 1963 4690 2013 ex-

1057 2084 1246 2151 arata
1299 2079 1383 2150 ab
1435 2075 1573 2148 illis
1631 2097 1799 2167 quae
1854 2078 2051 2147 antea
2104 2097 2187 2148 ex
2241 2075 2458 2168 priore
2510 2078 2730 2152 codice
2763 2054 3148 2152 'atramento
3206 2102 3364 2151 usus
3419 2081 3845 2152 adnotaverat
3898 2078 4204 2151 distinxit
4264 2136 4278 2150 .
4332 2079 4412 2150 de
4466 2077 4691 2170 priore

1061 2214 1281 2288 codice
1336 2213 1403 2285 in
1461 2212 1589 2285 fine
1641 2212 1948 2285 librorum
2008 2212 2321 2285 Varronis
2385 2213 2771 2306 Subscripsit
2823 2216 3016 2305 haee,
3091 2212 3382 2287 Contuli
3443 2240 3567 2311 eqo
3614 2213 3803 2309 Any.
3861 2212 4303 2285 Politianus:
4388 2210 4690 2285 Catonis

1055 2346 1211 2430 hos,
1285 2371 1370 2419 ac
1436 2346 1787 2418 Varronis
1837 2372 2078 2417 rerum
2130 2347 2557 2420 rustica-rum
2611 2345 2903 2423 libellos:
2981 2377 3138 2423 cum
3191 2350 3658 2423 uetustissimo
3712 2348 3976 2420 codice:
4038 2375 4124 2421 ea:
4185 2348 4369 2420 Diui
4414 2347 4686 2440 Marci,

1057 2483 1483 2557 Florentina
1537 2480 1985 2555 bibliotheca:
2050 2482 2149 2554 sic
2200 2494 2276 2555 ut
2324 2509 2414 2556 ne
2453 2509 2534 2562 ea
2591 2484 2874 2581 quidem
2917 2511 3062 2557 non
3113 2485 3535 2557 ascriberem
3586 2482 3675 2557 Si
3715 2511 3863 2581 qua
3916 2482 4437 2580 deprauatiora
4497 2481 4686 2553 ride-

1052 2630 1320 2692 rentur.
1395 2616 1523 2690 hoo
1595 2617 1780 2689 enim
1838 2616 2042 2689 nobis
2112 2618 2542 2691 emendandi
2584 2645 2811 2692 nouos
2863 2620 3131 2693 codices
3183 2620 3572 2693 institutum
3605 2619 3916 2717 placuit:
3971 2646 4055 2691 ne
4098 2618 4275 2716 quid
4314 2644 4401 2690 ea:
4435 2629 4688 2690 nostro

1055 2763 1304 2826 temere
1329 2754 1781 2836 adicer-emus,
1819 2778 1955 2825 neu
1995 2752 2173 2849 quid
2195 2752 2682 2839 omitteremus,
2719 2756 2915 2852 quod
2943 2755 3022 2828 in
3051 2755 3574 2853 antiquioribus
3600 2754 4123 2853 exemplaribus
4146 2753 4688 2826 inuenissemus.

1064 2888 1278 2980 Quod
1306 2890 1377 2963 si
1420 2888 1549 2961 hoc
1587 2890 1879 2987 priores
1913 2888 2206 2961 librarii
2250 2889 2643 2962 institutum
2677 2892 3125 2987 probassent,
3181 2917 3327 2962 non
3382 2901 3653 2963 tantum
3695 2891 4029 2987 projecto
4082 2887 4348 2985 neyotii
4378 2887 4694 2960 laboris—x

1055 3050 1188 3120 que
1245 3025 1559 3122 posteris
1629 3024 2096 3123 reliquissent.
2178 3023 2427 3099 Sicubi
2483 3053 2647 3123 erqo
2733 3040 3053 3100 nostrum
3124 3026 3576 3100 adhibuimus
3667 3026 4039 3109 iudicium,
4103 3024 4364 3097 relictis
4444 3036 4681 3097 tamen

1054 3159 1394 3257 antiquae
1469 3158 1781 3232 lectionis
1846 3160 2153 3256 vestiqiis
2222 3158 2619 3257 aliquibus:
2688 3188 2896 3235 suum
2972 3163 3219 3259 cuique
3289 3161 3582 3234 liberum
3651 3161 4066 3259 reliquimus
4120 3216 4137 3233 .
4206 3159 4377 3232 Vale
4437 3159 4682 3232 lector:

1056 3308 1117 3370 et
1168 3322 1397 3369 meum
1450 3294 1635 3368 hunc
1679 3294 2012 3380 laborem,
2068 3296 2272 3368 Boni
2311 3294 2632 3371 Consule.
2727 3296 3139 3372 Florentiae
3191 3298 3285 3370 In
3337 3297 3524 3370 Diui
3569 3296 3791 3370 Pauli
3838 3296 4000 3393 ipso
4052 3294 4681 3368 bacchanaliorum

1055 3430 1227 3529 Die!
1298 3430 1385 3503 M
1387 3429 2024 3505 CCCCLXXXII
2037 3458 2059 3504 .·
2147 3431 2364 3504 Anno
2454 3431 2700 3516 ,Altero
2793 3432 3049 3510 sedicet
3141 3444 3430 3507 nostrae
3517 3431 3843 3530 publicae
3924 3430 4442 3529 professionis:
4520 3457 4682 3503 cum

1066 3565 1466 3639 Ouidianos
1501 3565 1777 3662 fastos:
1829 3577 1893 3636 et
1929 3564 2289 3639 Ciceronis
2316 3566 2440 3638 Ad
2487 3566 2900 3641 herennium
2939 3567 3354 3640 Rhetoricos
3406 3567 3623 3640 libros
3676 3567 4194 3639 enarrabamus
4213 3593 4237 3638 :
4288 3592 4374 3638 ac
4423 3592 4686 3662 yraece

1053 3698 1337 3796 linquae
1371 3700 1775 3772 rudimenta
1826 3700 1901 3771 F
1898 3699 2292 3773 larentinae
2343 3702 2700 3774 iuuentuti
2743 3702 3205 3776 dictabamus.
3278 3709 3625 3797 praeterea
3678 3707 3766 3776 ad
3819 3705 4003 3776 Varr.
4045 3705 4150 3776 III
4212 3703 4323 3792 17,
4357 3706 4450 3775 24
4499 3701 4685 3772 tubi-

1056 3838 1277 3911 cine-112
1325 3861 1662 3933 yraecum
1712 3838 1792 3910 de
1856 3838 2113 3911 defectu
2169 3838 2435 3927 codiciS,
2502 3861 2629 3931 quo
2681 3839 2936 3931 reliqua
2988 3861 3143 3931 pars
3195 3840 3508 3932 perierat,
3571 3840 3800 3913 scribit
3866 3841 4056 3927 haec,
4131 3834 4467 3908 hactenus
4520 3863 4684 3908 cum

1052 3973 1521 4047 uetustissimo
1598 3971 1831 4044 codice
1902 3972 2296 4045 emendaui.
2365 4000 2534 4045 nam
2600 3971 2951 4069 reliquum
3035 3974 3112 4044 in
3186 3971 3304 4045 illo
3387 3973 3668 4070 quidem
3759 3974 3965 4047 deest.
4055 3975 4348 4048 eiusdem
4436 3975 4685 4049 codicis

1053 4111 1445 4185 mentionem
1508 4110 1668 4184 fecit
1728 4108 2001 4188 miscell.
2056 4130 2105 4179 c.
2167 4113 2292 4198 35,
2364 4106 2492 4180 hoc
2552 4134 2676 4205 eqo
2731 4109 2806 4181 in
2866 4109 3321 4181 uenerandae
3379 4109 3747 4181 uetustatis·
3815 4108 4217 4206 exemplari
4280 4137 4315 4180 e
4371 4109 4690 4205 publicat¹

1045 4247 1276 4344 qentz's
1342 4245 1662 4319 Mediocre
1715 4242 2123 4318 bibliotheca
2174 4243 2273 4316 sic
2326 4244 2613 4316 inuenio
2660 4244 2877 4344 (Varr.
2932 4247 2965 4318 Ι
3011 4233 3174 4332 ‘48):
3213 4242 3307 4316 In
3345 4243 3729 4317 Euhemeri
3774 4243 3973 4318 libris
4009 4244 4233 4317 uersis
4264 4303 4280 4318 .
4317 4246 4488 4320 diem
4525 4249 4681 4320 bac·

1056 4383 1500 4463 chanaliorum
1574 4386 1821 4471 autem,
1890 4403 2018 4474 quo
2090 4403 2252 4474 opus
2320 4403 2359 4453 a
2430 4403 2501 4454 se
2570 4384 2931 4474 perfectum
3007 4403 3153 4455 esse
3213 4381 3468 4471 scribit,
3531 4380 3688 4454 dicit
3747 4381 4040 4474 vigiliam
4104 4382 4332 4455 ieiunii
4394 4384 4680 4473 quadra·

1053 4520 1415 4616 gesi111a1i8‚
1472 4519 1580 4612 qui
1621 4519 1762 4592 dies
1814 4517 1942 4592 fuit
1997 4517 2111 4589 illo
2166 4538 2338 4589 anno
2392 4516 2533 4590 dies
2587 4517 2726 4589 XX
2777 4518 3021 4591 mensis
3073 4515 3457 4590 Februarii.
3491 4517 3746 4608 aliquot
3792 4517 4126 4590 mensibus
4178 4523 4330 4610 post
4380 4517 4684 4610 inspexit

1052 4659 1331 4732 alterum
1395 4655 1709 4745 codicem,
1784 4655 1866 4727 de
1927 4676 2054 4746 quo
2124 4657 2273 4745 post
2341 4653 2529 4725 illam
2596 4653 2880 4746 priorem
2951 4652 3496 4746 subscriptionem
3553 4652 3711 4728 item
3789 4652 4086 4743 rubrica,
4149 4654 4319 4727 sicut
4378 4654 4447 4726 in
4505 4654 4682 4746 ipsis

1050 4795 1291 4869 codicis
1314 4791 1665 4884 excerptiS,
1692 4813 1849 4863 usus
1885 4789 2152 4882 scripsit
2188 4791 2369 4878 haee,
2413 4785 2703 4860 Contuli
2733 4800 2795 4860 et
2822 4814 2975 4861 cum
3011 4787 3235 4860 altero
3260 4787 3662 4860 semz'uetere
3698 4787 3930 4860 codic-e
3967 4842 3982 4858 .
4020 4788 4148 4860 sed
4191 4788 4634 4860 mendo-§iore
4655 4844 4678 4860 .

1064 4929 1261 5003 Vnde
1325 4925 1585 5000 scilicet
1653 4952 1737 4998 ea
1804 4924 2099 5022 sumpta'
2150 4936 2314 4998 sunt
2391 4952 2572 5022 quae
2625 4924 2876 4996 uideas
2925 4923 3226 4997 rubrica
3277 4950 3420 4998 esse
3453 4935 3724 4996 notata.
3829 4924 4047 4996 Anno
4084 4923 4322 5020 eodem
4370 4980 4388 4995 .
4423 4922 4680 4996 Mense

1052 5064 1461 5140 Decembri:
1514 5119 1532 5136 .
1586 5063 1775 5161 Any.
1829 5063 2050 5136 Idem.
2119 5063 2433 5137 lectiones
2503 5063 2778 5135 duorum
2847 5062 3135 5135 codicum
3223 5061 3478 5134 diverso
3559 5060 3919 5153 scripturae
3987 5063 4203 5135 colore
4265 5060 4432 5133 satis
4481 5067 4677 5133 *certo

1051 5203 1404 5276 distinctae
1458 5205 1635 5290 sunt,
1683 5199 1907 5293 paucis
1961 5198 2219 5291 quidem
2275 5198 2438 5272 locis
2489 5197 2809 5289 exceptiS,
2861 5197 2930 5270 in
2985 5198 3217 5290 quibus
3274 5199 3544 5289 propter
3587 5197 3964 5270 subfuscum
4006 5196 4352 5270 atramenti
4389 5199 4674 5271 colorem

1049 5339 1394 5414 videbatur
1445 5335 1726 5410 dubitari
1778 5357 1991 5428 posse,
2047 5357 2133 5408 ex
2187 5337 2330 5408 utro
2384 5334 2602 5407 codice
2651 5333 2722 5405 id
2781 5335 2954 5425 quod
3003 5333 3400 5425 adscriptum
3480 5339 3582 5407 est
3648 5335 4104 5428 depromptum
4169 5341 4368 5408 esset.
4441 5356 4679 5426 quam-

1051 5496 1249 5568 quarn
1303 5474 1639 5546 Gesnerus
1697 5473 1802 5545 vel
1858 5472 1916 5546 is
1970 5493 2160 5564 quem
2213 5471 2328 5543 ille
2382 5471 2713 5543 auctorem
2768 5472 3030 5543 secutus
3081 5483 3222 5542 erat
3267 5469 3596 5543 interdum
3654 5469 3881 5558 etiam,
3938 5468 4046 5542 ubi
4102 5471 4285 5542 nulla
4345 5468 4677 5542 dubitatio

1048 5615 1216 5711 erat,
1266 5611 1333 5683 in
1388 5630 1468 5683 ea
1526 5631 1596 5682 re
1648 5608 1929 5697 erravit,
1991 5630 2134 5681 cum
2188 5605 2388 5700 priori
2432 5605 2636 5680 codici
2690 5605 3009 5679 tribueret
3059 5627 3228 5697 quae
3281 5606 3362 5677 ad
3430 5605 3709 5678 alterum
3764 5605 4198 5697 pertinebant.
4279 5606 4390 5678 sed
4462 5611 4538 5678 ut
4589 5606 4678 5678 de

1050 5746 1179 5822 fide
1230 5767 1454 5820 eorum
1510 5767 1676 5837 quae
1730 5766 1815 5816 ex
1868 5744 2197 5816 Marciano
2247 5742 2467 5816 codice
2518 5740 2854 5833 adscripta
2905 5743 3062 5813 sunt
3111 5747 3284 5815 recte
3339 5741 3688 5830 iudicetur,
3761 5742 4095 5815 sciendum
4142 5732 4278 5832 est,
4337 5765 4529 5834 quem
4581 5744 4678 5816 ad

1049 5883 1310 5954 modum
1381 5880 1446 5953 iu
1539 5880 1621 5953 iis
1698 5878 2091 5953 adnotandis
2174 5854 2547 5952 Politianus
2617 5881 2928 5951 versatus¹
2981 5877 3086 5950 sit.
3181 5900 3332 5949 nam
3422 5879 3802 5969 plerumque
3871 5878 4169 5971 singulas
4240 5879 4346 5950 vel
4419 5899 4672 5970 paucas
