5206 6988
2372 404 2472 452 vu

588 611 856 706 juyere
898 605 1276 704 potuisset,
1346 630 1496 676 una
1569 628 1725 675 oum
1821 628 1901 673 eo
1985 611 2445 672 conservatus
2530 609 2703 670 esset
2751 625 2772 670 .·
2823 608 2886 670 et
2934 594 3189 677 alium,
3279 620 3483 693 quem
3559 606 3796 667 tamen
3883 591 4238 686 habmus,

615 742 1163 815 emendatiorem
1218 753 1297 813 ut
1336 752 1551 838 puto,
1607 737 2041 811 haberemus.

812 883 943 953 Pro
1023 879 1448 952 fundamento
1529 878 1750 950 autem
1833 888 2042 948 novae
2137 872 2443 947 editionis
2496 870 2823 966 Victorius
2876 869 3224 943 editionem
3294 868 3607 945 Aldinam
3681 894 3852 946 anno
3930 876 4118 947 1514
4199 895 4241 946 a

607 1015 901 1090 Iucundo
953 1014 1317 1088 Veronensi
1368 1014 1634 1102 factam,
1688 1012 1755 1085 in
1810 1033 1938 1103 qua
1989 1008 2276 1104 plurima
2328 1009 2412 1081 ab
2463 1007 2712 1081 editore
2771 1005 3009 1099 partim
3065 1028 3151 1079 ex
3202 1028 3398 1079 manu
3452 1007 3714 1100 scriptis
3765 1008 3953 1083 libris
4003 1010 4241 1103 partim

610 1152 988 1225 coniectura
1070 1154 1329 1224 mutata
1401 1109 1617 1241 erant,
1692 1147 1941 1221 habuit.
2007 1147 2175 1220 haec
2230 1145 2404 1218 enim
2456 1146 2527 1218 et
2572 1147 2714 1217 tum
2773 1143 3060 1216 maxime
3109 1144 3500 1238 pervulgata
3552 1149 3696 1217 erat
3747 1146 3815 1218 et
3862 1168 3902 1217 a
3956 1146 4248 1221 Victorio

610 1288 706 1362 ita
764 1310 1086 1382 expressa
1154 1291 1291 1378 est,
1368 1291 1440 1360 ut
1508 1285 1882 1359 universam
1932 1286 2275 1357 verborum
2320 1281 2766 1375 scriptionem
2821 1284 2888 1354 et
2939 1279 3423 1353 distinctionem
3478 1303 3646 1374 quae
3697 1282 3765 1355 in
3818 1282 3938 1355 illa
3989 1289 4093 1357 est
4141 1306 4245 1357 re-

611 1428 1088 1519 praesentaret.
1174 1427 1374 1517 atque
1450 1422 1648 1496 etiam
1727 1419 2047 1494 lectiones
2117 1420 2432 1512 quasdam
2506 1419 2791 1493 Aldinae
2859 1415 3167 1491 editionis
3222 1416 3523 1510 proprias
3581 1419 3889 1512 neglecta
3955 1420 4245 1493 codicum

608 1562 933 1655 scriptura
999 1582 1198 1654 saepe
1267 1559 1543 1653 recepit,
1596 1561 1673 1631 ut
1724 1557 1864 1631 Cat.
1925 1560 2067 1631 113
2119 1553 2464 1653 instipato
2515 1578 2637 1649 pro
2689 1554 2990 1650 ἐπετίμα,
3070 1557 3201 1627 131
3265 1552 3551 1648 Dapem
3588 1578 3740 1650 pro
3793 1553 4014 1627 bubus
4066 1555 4246 1654 piro

522 1668 529 1676 ’
594 1695 903 1792 florente
959 1694 1201 1793 jacito
1280 1719 1399 1790 pro
1455 1692 1624 1791 piro
1674 1690 1983 1789 florente
2035 1692 2293 1788 dapem
2330 1718 2480 1788 pro
2531 1689 2752 1762 bubus
2783 1689 3044 1786 jacim,
3106 1693 3246 1764 156
3301 1690 3470 1761 dum
3523 1689 3895 1787 quinquies
3939 1689 4251 1789 quinque

608 1856 936 1904 numeres
985 1854 1106 1926 pro
1158 1831 1329 1903 dum
1381 1829 1692 1928 quinque
1734 1853 2076 1912 numeres,
2126 1829 2233 1902 vel
2284 1830 2353 1901 in
2404 1827 2937 1902 adnotationibus
2987 1826 3319 1901 lemmatis
3360 1828 3502 1901 1000
3553 1828 3793 1920 posuit,
3841 1830 3916 1899 ut
3966 1827 4110 1901 Cat.
4149 1830 4244 1901 39

610 1969 724 2040 ‘Et
782 1968 904 2041 uiti
972 1968 1143 2041 sicca
1193 1967 1496 2062 alligate.
1600 1965 1720 2038 Sic
1770 1964 1849 2035 in
1899 1989 2052 2034 una
2104 1962 2434 2037 editione:
2480 1962 2552 2035 in
2610 1962 2838 2035 altera
2905 1965 2997 2037 Et
3048 1962 3177 2036 nisi
3232 1963 3444 2036 sicca'.
3497 1985 3646 2035 nam
3699 1962 3840 2035 uiti
3883 1963 3950 2035 in
4003 1963 4252 2037 Aldina

613 2104 929 2195 editione,
994 2103 1144 2175 nisi
1189 2103 1255 2176 in
1305 2102 1633 2196 prioribus
1686 2103 1952 2199 legitur.
2058 2103 2282 2197 itaque
2334 2124 2480 2175 cum
2518 2100 2848 2180 Victorius
2900 2100 2996 2173 ita
3047 2122 3186 2172 rem
3242 2100 3481 2195 egerit,
3525 2102 3599 2172 ut
3648 2100 3961 2173 Aldinam
4015 2101 4248 2174 editio-

610 2261 756 2313 nem
812 2239 1127 2313 adhibitis
1180 2239 1545 2329 codicibus,
1599 2239 1667 2312 in
1720 2240 1950 2334 primis
1993 2240 2364 2329 Marciam,
2416 2237 2808 2332 corrigeret,
2863 2236 3159 2328 sequitur
3216 2238 3286 2308 ut
3343 2257 3514 2328 quae
3583 2257 3729 2308 cum
3790 2237 3912 2308 illa
3975 2258 4248 2310 consen-

609 2375 788 2448 tiunt
854 2397 937 2449 ex
1006 2375 1184 2449 edito
1238 2376 1604 2468 exemplari
1656 2376 1738 2448 ab
1794 2398 1871 2450 eo
1920 2377 2187 2468 recepta
2208 2433 2224 2465 ‚
2272 2397 2403 2447 non
2465 2396 2548 2445 ex
2599 2393 2799 2444 manu
2857 2371 3100 2465 scripto
3150 2372 3321 2444 libro
3382 2371 3594 2463 petita
3646 2370 3800 2444 sint.
3869 2374 3984 2445 sed
4045 2394 4251 2445 novas

614 2510 961 2600 lectioneS,
1039 2532 1208 2603 quae
1265 2511 1334 2583 in
1386 2511 1633 2584 Aldina
1698 2511 1984 2585 editione
2041 2534 2171 2583 non
2224 2509 2648 2582 inveniuntur
2696 2529 2912 2601 neque
2961 2529 3046 2580 ex
3109 2507 3597 2601 exemplaribus
3658 2513 3857 2581 antea
3930 2507 4252 2600 inpressis

494 2663 517 2686 ·
611 2646 749 2739 peti
804 2638 1138 2741 poterant,
1211 2648 1403 2720 libris
1438 2670 1637 2720 manu
1691 2648 1986 2741 scriptis,
2038 2647 2105 2719 in
2162 2645 2391 2740 primis
2441 2643 2777 2717 Marciano
2827 2643 3031 2716 codici
3057 2702 3073 2733 ,
3118 2644 3362 2718 debuit.
3437 2644 3718 2737 denique
3770 2648 4035 2737 praeter
4084 2645 4255 2718 haec

615 2805 785 2875 quae
828 2784 896 2855 in
939 2772 1307 2857 'editionem
1359 2784 1609 2876 recepit
1659 2784 1729 2857 in
1770 2784 2104 2859 nonnullis
2138 2782 2329 2872 lociS,
2388 2782 2468 2854 de
2514 2780 2749 2872 quibus
2792 2780 2860 2852 in
2904 2780 3456 2872 explicationibus
3491 2780 3878 2873 disputavit,
3935 2781 4255 2855 lectiones

619 2917 862 2991 codicis
909 2918 1246 2992 indicavit.

820 3056 927 3127 Ex
997 3054 1187 3127 libris
1258 3076 1455 3127 manu
1517 3026 1780 3147 scriptis
1857 3053 1969 3147 qui
2029 3075 2202 3126 nunc
2263 3057 2619 3146 supersunt
2677 3053 3175 3146 antiquissimus
3245 3057 3348 3126 est
3414 3053 3848 3126 Parisinus
3903 3054 4119 3126 6842
4173 3052 4255 3142 A,

620 3190 732 3283 qui
817 3190 1085 3264 Catonis
1148 3195 1217 3264 et
1276 3190 1592 3264 Varronis
1661 3191 1868 3263 libros
1929 3191 2192 3264 saeculo
2262 3189 2641 3264 duodecimo
2720 3193 3002 3263 exeunte
3069 3192 3175 3264 vel
3252 3190 3520 3263 ineunte
3589 3189 3786 3263 tertio
3870 3189 4120 3263 decimo
4189 3189 4260 3262 in

622 3328 1023 3400 membranis
1083 3327 1364 3420 scriptos
1432 3327 1742 3400 continet.
1818 3326 1929 3419 qui
2002 3328 2206 3400 codex
2261 3328 2564 3420 quoniam
2618 3328 2861 3401 rectIus
2913 3349 3107 3419 quam
3166 3326 3404 3419 reliqui
3458 3327 3846 3419 scripturam
3897 3326 4257 3419 archetypi,

622 3463 700 3536 de
756 3484 885 3554 quo
940 3462 1336 3554 quaerimuS,
1393 3483 1778 3554 expressam
1832 3460 2059 3552 refert,
2110 3483 2242 3533 non
2295 3460 2529 3534 inutile
2578 3461 2840 3534 videtur
2889 3461 3168 3533 formam
3224 3460 3378 3533 libri
3430 3461 3798 3534 describere
3851 3460 4219 3535 accuratius
4241 3515 4257 3533 .

618 3603 723 3671 est
783 3599 989 3692 igitur
1056 3597 1361 3671 foliorum
1415 3597 1767 3690 sexaginta
1821 3599 2133 3696 quattuor
2172 3597 2423 3670 formae
2479 3599 2854 3690 quadratae.
2925 3597 3252 3689 scriptura
3322 3597 3630 3682 librarius
3692 3619 3851 3669 usus
3916 3602 4019 3670 est
4070 3619 4258 3671 accu-

625 3740 793 3825 rata,
847 3737 964 3808 sed
1015 3756 1248 3827 parum
1291 3731 1575 3826 aequali.
1642 3755 1795 3804 nam
1866 3733 1935 3804 in
2002 3732 2155 3805 aliis
2221 3733 2487 3826 paginis
2534 3733 2773 3822 maior,
2828 3732 2896 3805 in
2949 3732 3101 3805 aliis
3152 3732 3366 3807 minor
3425 3736 3528 3806 est
3583 3755 3888 3806 versuum
3949 3756 4261 3807 numerus

621 3892 661 3943 a
715 3869 1394 3964 duodequadraginta,
1449 3869 1504 3942 si
1557 3872 1734 3942 recte
1791 3868 2150 3957 numeravi,
2203 3869 2499 3954 versibus
2553 3891 2765 3961 usque
2819 3870 2900 3941 ad
2958 3869 3397 3965 quadraginta
3449 3891 3589 3944 sex.
3661 3892 3789 3964 quo
3843 3871 4089 3943 factum
4158 3874 4263 3944 est

624 4011 701 4079 ut
753 4011 1025 4100 propter
1071 4007 1391 4080 minutam
1440 4008 1813 4079 litterarum
1870 4005 2171 4098 figuram,
2223 4004 2569 4078 infuscatis
2620 4006 3012 4098 praesertim
3067 4006 3490 4096 membranis,
3558 4006 3627 4077 in
3692 4007 4027 4080 nonnullis
4095 4007 4260 4081 locis

623 4142 961 4215 difficilius
1021 4142 1308 4236 legatur.
1374 4140 1706 4214 distinctio
1778 4143 2118 4215 verborum
2168 4143 2364 4214 valde
2428 4141 2680 4214 incerta
2748 4144 2814 4214 et
2865 4163 3062 4234 saepe
3119 4141 3387 4230 omissa,
3449 4165 3569 4235 pro
3623 4167 3708 4214 ae
3759 4145 4084 4217 consta-nti
4136 4168 4258 4218 usu

625 4301 662 4348 e
713 4275 1026 4368 scriptum
1110 4277 1234 4348 est.
1305 4276 1373 4348 in
1438 4275 1653 4370 figura
1706 4277 2077 4350 litterarum
2130 4278 2235 4350 vel
2306 4278 2370 4349 in
2439 4278 2840 4370 compendiis
2897 4277 3260 4369 scripturae
3324 4278 3492 4351 nihil
3557 4279 3811 4369 inveni,
3881 4280 4050 4372 quod
4120 4280 4264 4355 iure

624 4411 837 4505 possit
905 4413 991 4484 ad
1057 4413 1342 4485 aetatem
1404 4412 1675 4487 ineunte
1744 4414 1941 4488 tertio
2010 4414 2258 4487 decimo
2321 4416 2583 4488 saeculo
2640 4413 3014 4487 inferiorem
3070 4413 3322 4487 referri.
3393 4415 3561 4507 quod
3633 4415 3941 4489 iudicium
4005 4419 4263 4512 collega

628 4549 795 4620 artis
852 4548 1455 4643 palaeographicae
1506 4549 1948 4642 peritissimus
1988 4550 2361 4624 Guilelmus
2414 4551 2655 4624 Schum
2713 4549 3113 4623 examinatis
3168 4550 3576 4643 singularum
3628 4551 4000 4626 litterarum
4033 4553 4264 4627 formis

627 4687 696 4757 et
747 4683 1009 4757 collatis
1060 4684 1213 4756 aliis
1266 4684 1625 4774 codicibuS‚
1698 4687 1780 4759 de
1827 4709 2100 4778 quorum
2149 4688 2369 4760 aetate
2421 4688 2599 4758 certo
2656 4687 3019 4774 constabat,
3073 4685 3270 4758 etiam
3324 4686 3540 4780 magis
3598 4687 4026 4762 confirmavit.
4088 4689 4257 4761 idem

622 4820 920 4893 habitum
965 4822 1493 4894 membranarum
1549 4825 1617 4894 et
1665 4821 1985 4896 rationem
2034 4823 2356 4896 scribendi
2412 4823 2896 4914 contemplatus
2947 4821 3287 4914 probabile
3330 4844 3476 4896 esse
3510 4824 3923 4897 adseveravit
3956 4824 4024 4896 in
4059 4824 4262 4898 Italia

628 4956 943 5050 scriptum
1018 4978 1166 5030 esse
1226 4957 1485 5030 librum.
1553 4956 1619 5029 in
1689 4958 1903 5051 prima
1958 4958 2206 5053 pagina
2258 4958 2488 5033 eadem
2539 4980 2764 5048 manu,
2835 4979 2966 5050 qua
3034 4957 3177 5050 ipse
3246 4958 3452 5032 codex
3523 4960 3806 5051 scriptus
3866 4963 3996 5049 est,
4065 4962 4263 5035 rubro

627 5093 843 5166 colore
895 5093 1142 5186 scripta
1195 5097 1350 5167 sunt
1398 5095 1585 5185 haec,
1656 5092 1752 5164 In
1822 5091 1951 5165 hoo
2019 5092 2251 5165 codice
2291 5093 2501 5189 infra
2552 5092 2822 5189 scripto
2868 5089 3040 5163 libri
3092 5092 3537 5165 continentur
3581 5075 3674 5164 'de
3723 5120 3801 5166 re
3855 5093 4157 5168 Rustica
4208 5096 4218 5191 1

626 5226 735 5299 Μ.
792 5225 1086 5301 Catonis
1154 5227 1329 5301 liber
1400 5255 1589 5301 unus
1646 5227 1961 5301 Terentii
2021 5226 2373 5300 Varronis
2424 5226 2596 5299 libri
2640 5225 2791 5301 III.
2864 5228 3162 5320 sequitur
3224 5228 3424 5302 index
3492 5229 3923 5323 capitulorum
3994 5232 4263 5307 Catonis

628 5362 871 5436 additis
944 5364 1238 5438 numeris
1263 5422 1281 5455 ,
1360 5363 1411 5435 I
1465 5362 1835 5455 Quomodo
1906 5389 2161 5460 cyrum
2228 5363 2368 5436 emi
2416 5362 2831 5461 pararique
2902 5374 3229 5460 oporteat
3285 5408 3386 5418 ——
3456 5361 3746 5437 CLXX
3802 5365 3915 5437 De
3974 5365 4263 5439 salsura

638 5496 845 5592 ofelle
884 5497 1315 5595 puteolane;
1368 5499 1602 5573 deinde
1656 5500 2056 5593 prooemium
2109 5499 2408 5590 Catonia,
2478 5499 2545 5572 in
2619 5522 2745 5592 quo
2812 5500 3232 5573 memorabile
3305 5504 3408 5573 est
3456 5501 3793 5575 librarium
3852 5502 4051 5576 simili
4104 5503 4263 5577 scri-

637 5632 836 5707 bendi
887 5656 1130 5729 genere
1198 5639 1400 5728 atque
1451 5636 1521 5708 in
1587 5635 1803 5708 titulis
1886 5635 2318 5729 capitulorum
2386 5658 2576 5709 usum
2648 5657 2814 5709 esse.
2880 5657 3029 5707 nam
3100 5635 3167 5707 in
3208 5636 3334 5709 hoc
3385 5659 3672 5730 quoque,
3743 5639 3910 5711 sicut
3974 5639 4043 5711 in
4104 5640 4267 5731 illis,

632 5771 833 5843 verba
882 5772 1117 5865 spatiis
1188 5772 1573 5864 quibusdam
1637 5772 1887 5846 relictis
1941 5775 2006 5845 et
2057 5772 2346 5845 numeris
2399 5771 2812 5864 interpositis
2864 5771 3173 5844 distincta
3226 5775 3407 5862 sunt,
3479 5770 3614 5842 Est
3675 5770 4032 5844 interdum
4087 5797 4264 5867 pre-
