5206 6988
2368 515 2439 565 IX

2224 597 2602 604 Q-*a—ssq—

800 712 1103 786 Ceterum
1156 713 1432 785 eundem
1485 713 1767 785 codicem
1821 712 1977 786 olim
2028 714 2080 784 I.
2123 714 2197 785 F.
2254 712 2624 785 Gronovius
2675 734 2820 785 cum
2870 713 3320 787 Comeliniana
3355 712 3627 786 Catonis
3669 711 3956 787 editione
3997 718 4224 787 contu-

594 851 811 937 lerat,
885 870 1080 941 quam
1136 848 1573 922 Schneiderus
1622 870 1663 920 a
1714 848 2113 922 Ruhnkenio
2167 849 2248 920 ad
2299 870 2371 921 se
2424 847 2724 939 missam,
2782 852 2856 920 ut
2904 848 3131 922 scribit
3180 849 3389 941 praef.
3442 870 3505 941 p.
3562 850 3637 939 8,
3703 849 4004 922 habebat.
4072 870 4227 922 nam

594 1006 683 1058 ex
734 986 856 1057 hoc
908 984 1127 1057 codice
1179 984 1431 1076 petitae
1466 988 1620 1056 sunt
1669 984 1987 1057 lectiones
2036 984 2437 1057 Gronoviani
2488 1006 2683 1076 quem
2752 984 2912 1057 dicit
2978 984 3220 1058 codicis
3244 1042 3262 1076 ,
3335 1008 3499 1078 quas
3559 985 3628 1057 in
3690 985 4225 1059 adnotationibus

596 1122 926 1195 interdum
992 1120 1539 1194 commemoravit.
1601 1141 1815 1211 neque
1880 1119 2177 1193 diversus
2235 1120 2320 1192 ab
2379 1142 2456 1193 eo
2505 1126 2610 1194 est
2655 1120 2999 1194 Parisinus
3055 1124 3278 1212 6028,
3346 1122 3529 1194 cuius
3583 1121 3822 1196 ibidem
3873 1145 3937 1215 p.
4034 1122 4103 1199 X
4154 1123 4222 1195 in

600 1259 893 1331 Varrone
958 1256 1351 1330 mentionem
1439 1256 1633 1329 facit:
1697 1256 1821 1329 hoc
1927 1277 2194 1328 numero
2264 1256 2435 1329 enim
2499 1255 2667 1330 liber
2736 1257 2892 1330 olim
2951 1260 3218 1331 notatus
3286 1266 3446 1331 erat.
3499 1260 3670 1331 alter
3732 1263 3952 1331 autem
4015 1259 4223 1332 codex

596 1395 939 1468 Parisinus
1024 1396 1257 1483 5992,
1327 1416 1517 1486 quem
1590 1393 1763 1466 idem
1824 1392 2261 1465 Schneiderus
2320 1394 2885 1483 commemoravit,
2961 1416 3131 1466 nunc
3192 1398 3293 1467 est
3367 1397 3585 1467 6149.
3655 1394 4024 1487 antiquiore
4105 1395 4224 1468 illo

595 1532 799 1605 etiam
849 1533 1209 1605 Mercerum
1261 1531 1330 1603 in
1382 1530 1916 1604 adnotationibus
1970 1532 2053 1604 ad
2106 1531 2389 1605 Nonium
2444 1552 2633 1602 usum
2686 1529 2890 1602 videri
2946 1529 3409 1603 animadvertit
3460 1531 3918 1604 Schneiderus.

799 1668 903 1741 Ad
954 1672 1238 1741 aetatem
1282 1667 1569 1740 Parisini
1605 1667 1844 1740 codicis
1890 1667 2187 1760 proxime
2236 1667 2490 1740 accedit
2540 1665 3124 1738 Laurentianus
3176 1666 3430 1757 30,10
3482 1669 3716 1759 quarto
3770 1667 4023 1740 decimo
4078 1689 4221 1741 sae·

597 1806 748 1878 culo
804 1804 1110 1897 scriptus,
1165 1803 1280 1895 qni
1332 1809 1483 1895 post
1536 1803 1816 1876 Vitruvii
1870 1804 2074 1877 libros
2125 1804 2206 1875 de
2258 1803 2697 1875 architectura
2755 1803 2954 1875 habet
3004 1802 3272 1876 Catonis
3340 1806 3409 1875 et
3462 1803 3776 1875 Varronis
3831 1803 4074 1882 libros:
4138 1803 4221 1876 cf.

597 1942 886 2015 Bandini
941 1943 1221 2035 catalog.
1277 1940 1415 2013 cod.
1462 1940 1578 2011 lat.
1637 1938 1786 2011 bibl.
1843 1940 2151 2013 Laurent.
2200 1962 2260 2012 v.
2314 1940 2382 2011 II
2434 1962 2496 2030 p.
2538 1937 2578 2011 7
2589 1941 2657 2029 3,
2712 1940 2827 2011 sed
2881 1939 2937 2011 is
2988 1962 3116 2011 non
3171 1938 3384 2011 solum
3427 1938 4013 2033 neglegentissime
4065 1939 4221 2012 scri-

596 2082 754 2172 ptus
805 2084 872 2151 et
924 2077 1150 2149 multis
1207 2076 1531 2149 scribendi
1588 2075 1764 2147 vitiis
1818 2075 2198 2167 inquinatus
2235 2080 2363 2163 est,
2428 2077 2545 2147 sed
2579 2075 2782 2147 etiam
2834 2075 3185 2149 manifesta
3236 2075 3611 2149 coniectura
3667 2077 3991 2147 mutatam
4062 2075 4225 2148 scri-

596 2217 858 2307 pturam
916 2212 1180 2305 saepius
1234 2211 1505 2285 exhibet
1553 2231 1774 2302 eaque.
1814 2211 1894 2282 de
1947 2231 2146 2283 causa
2201 2212 2284 2283 ad
2341 2208 2860 2304 cognoscendam
2907 2211 3300 2303 scripturam
3359 2210 3696 2304 archetypi
3750 2232 3982 2303 parum
4037 2210 4224 2285 utilis

596 2356 721 2424 est.
792 2372 1005 2443 neque
1069 2350 1241 2423 enim
1313 2348 1594 2421 dubitari
1686 2350 1904 2441 potest
1973 2348 2129 2440 quin
2182 2348 2240 2421 is
2294 2368 2552 2440 quoque
2600 2368 2685 2420 ex
2735 2347 2962 2419 eodem
3010 2348 3384 2441 archetypo,
3442 2369 3528 2421 ex
3581 2370 3710 2441 quo
3761 2347 3998 2440 reliqui
4051 2347 4224 2421 deri-

601 2489 743 2560 vati
795 2492 981 2575 sunt,
1055 2486 1372 2579 originem
1429 2484 1710 2557 duxerit.
1786 2484 2137 2576 quaedam,
2224 2507 2393 2578 quae
2499 2488 2798 2577 apertum
2870 2484 3299 2558 describentis
3352 2486 3584 2558 vitium
3635 2506 3796 2578 prae
3850 2508 3923 2558 se
3978 2485 4221 2575 ferunt,

595 2646 750 2697 cum
825 2622 1127 2696 Parisino
1197 2621 1416 2694 codice
1487 2619 1853 2694 communia
1907 2621 2128 2693 habet.
2203 2644 2239 2696 e
2292 2622 2529 2714 quibus
2583 2621 3006 2695 memorabile
3056 2625 3162 2694 est
3212 2621 3390 2694 illud'
3431 2621 3499 2693 in
3555 2621 3694 2694 Cat.
3731 2643 3784 2694 c.
3829 2624 3992 2710 152,
4047 2620 4220 2713 qued

596 2781 683 2832 ea
738 2780 906 2851 quae
973 2758 1124 2831 huic
1184 2758 1382 2851 capiti
1452 2756 1860 2849 praescripta
1927 2763 2135 2848 erant,
2196 2784 2262 2853 q.
2318 2783 2386 2829 a.
2438 2783 2530 2829 m.
2587 2755 2861 2828 Manlii
2912 2767 3515 2848 monstraverunt,
3591 2757 3662 2829 in
3731 2760 4006 2849 utroque
4065 2758 4219 2830 ante

471 2875 475 2877 i
596 2896 921 2967 rubricam
973 2894 1041 2966 in
1098 2895 1229 2966 fine
1279 2893 1733 2986 praecedentis
1784 2893 2024 2985 capitis
2076 2894 2416 2989 leguntur,
2488 2895 2554 2967 in
2611 2893 3055 2968 Laurentiano
3107 2893 3365 2986 quidem
3423 2894 3548 2967 hoc
3578 2896 3768 2968 modo
3816 2914 3962 2966 cum
4032 2895 4219 2966 ante-

592 3031 978 3105 cedentibus
1015 3031 1228 3105 verbis
1280 3029 1621 3103 coniuncta
1674 3032 1742 3101 et
1776 3036 2101 3122 corrupta,
2153 3039 2297 3100 hcm
2347 3027 2649 3124 dem'quc
2701 3054 2751 3099 a
2801 3027 2891 3099 oh,
2939 3026 3147 3100 malz’z'
3193 3039 3789 3102 monstraaerunt.
3841 3030 4018 3101 hunc
4072 3050 4221 3104 esse

596 3169 813 3260 ipsum
869 3168 1053 3241 illum
1108 3169 1383 3239 alterum
1439 3167 1745 3255 codicem,
1797 3188 1992 3259 quem
2050 3188 2134 3239 ex
2186 3166 2481 3239 Medicea
2533 3166 2928 3240 bibliotheca
2977 3166 3435 3257 depromptum
3502 3170 3767 3257 praeter
3816 3165 4221 3238 Marcianum

600 3304 983 3395 PolitianuS,
1034 3307 1101 3377 et
1158 3303 1480 3376 Victorius
1538 3310 2056 3395 usurpaverunt,
2129 3301 2266 3375 dixi
2325 3295 2460 3374 obs.
2514 3302 2657 3375 crit.
2717 3301 2784 3373 in
2839 3302 2978 3373 Cat.
3051 3306 3117 3373 et
3153 3301 3358 3389 ,Varn
3410 3323 3475 3393 p.
3537 3305 3644 3374 15.
3715 3294 3997 3374 namet
4049 3302 4220 3394 quod

601 3442 685 3514 de
738 3461 980 3535 genere
1034 3439 1396 3531 scripturae
1453 3438 1779 3510 Victorius
1833 3439 2007 3527 dicit,
2062 3437 2324 3531 gallicis
2375 3438 2616 3509 litteris
2669 3460 2815 3510 eum
2867 3437 3180 3528 scriptum
3236 3456 3415 3526 esse,
3476 3438 3654 3509 cadit
3705 3436 3771 3508 in
3825 3436 4218 3509 Laurentia-

600 3600 756 3650 num
813 3576 1121 3666 codicem,
1163 3581 1228 3649 et
1282 3573 1599 3647 lectiones
1654 3595 1820 3666 quas
1874 3576 2150 3666 uterque
2201 3572 2541 3645 adnotavit
2592 3571 3009 3645 consentiunt
3059 3594 3206 3644 cum
3279 3571 3419 3645 hoc.
3478 3593 3876 3664 quamquam
3929 3576 3997 3644 et
4038 3571 4218 3645 Poli-

600 3715 825 3788 tianus
882 3715 1086 3786 multo
1135 3711 1385 3784 minore
1437 3709 1784 3804 diligentia
1833 3731 1992 3782 usus
2045 3713 2147 3782 est
2206 3708 2272 3780 in
2348 3707 2470 3781 hoc
2541 3729 2738 3799 quam
2810 3707 2877 3778 in
2948 3706 3063 3779 illo
3118 3708 3367 3796 altero,
3439 3711 3509 3779 et
3562 3707 3886 3781 Victorius
3954 3731 4102 3782 raro
4178 3732 4220 3782 a

598 3849 876 3943 reliquis
928 3848 1256 3922 codicibus
1310 3846 1542 3939 quibus
1582 3868 1738 3917 usus
1789 3849 1890 3918 est
1941 3846 2316 3936 separatum
2369 3866 2513 3918 eum
2567 3844 2949 3936 appellavit.

806 3983 1092 4076 Reliqua
1144 3982 1386 4056 veteris
1438 3981 1678 4054 codicis
1740 3980 2125 4074 apographa
2179 4003 2346 4073 quae
2398 3987 2750 4073 supersunt
2819 3979 3039 4053 omnia
3090 3979 3242 4053 inde
3302 3981 3386 4052 ab
3453 3978 3640 4052 initio
3710 3981 3918 4072 quinti
3971 3983 4220 4069 {decimi

595 4120 854 4194 saeculi
948 4121 1192 4211 scripta
1256 4120 1445 4206 sunt,
1516 4121 1865 4207 postquam
1923 4118 2129 4190 codex
2218 4118 2284 4188 in
2356 4117 2804 4191 Florentinam
2863 4119 2930 4189 S.
2984 4116 3186 4188 Marci
3227 4115 3684 4189 bibliothecam
3744 4116 4004 4190 delatus
4056 4123 4219 4194 erat.

595 4256 845 4330 scimus
918 4256 1136 4327 autem
1189 4253 1435 4326 multos
1504 4276 1588 4326 ex
1656 4253 1769 4342 iis,
1834 4254 1943 4346 qui
2000 4254 2118 4325 illa
2174 4255 2391 4326 aetate
2445 4253 2513 4324 in
2569 4253 3014 4326 describendis
3086 4253 3414 4326 codicibus
3477 4275 3739 4346 operam
3794 4256 4222 4329 conlocabant

598 4413 834 4485 parum
890 4390 1244 4483 diligenter
1296 4411 1432 4462 rem
1498 4390 1808 4483 gessisse,
1863 4411 1991 4460 non
2037 4389 2256 4462 nullos
2308 4388 2528 4478 etiam,
2584 4391 2658 4461 ut
2715 4388 3082 4477 lectionem,
3138 4393 3454 4480 quantum
3510 4389 3649 4462 fieri
3702 4397 3947 4482 posset,
4003 4413 4222 4463 emen-

594 4528 824 4599 datam
880 4530 947 4600 et
999 4526 1257 4599 facilem
1311 4527 1687 4613 redderent,
1751 4549 1831 4598 ea
1885 4546 2054 4618 quae
2109 4527 2524 4599 offendebant
2574 4524 2939 4597 correxisse
3010 4528 3077 4597 et
3128 4547 3247 4616 pro
3323 4532 3540 4599 vetere
3605 4525 3926 4618 scriptura
4002 4548 4220 4599 emen-

597 4663 900 4735 dationes
975 4664 1075 4735 vel
1154 4663 1554 4735 mutationes
1612 4663 1909 4755 posuisse
1977 4663 2426 4736 recentiorum.
2498 4665 2897 4755 quapropter
2955 4662 3077 4734 hoc
3141 4683 3354 4755 genus
3414 4661 3726 4735 librorum
3794 4660 4223 4756 neglegentia

583 4774 667 4870 'et
720 4796 985 4869 licentia
1037 4798 1450 4871 librariorum
1509 4802 1881 4891 corruptum
1937 4802 2020 4872 ad
2073 4799 2544 4872 restituendam
2597 4796 2985 4889 scripturam
3039 4797 3410 4891 archetypi,
3479 4820 3562 4872 ex
3621 4822 3748 4891 quo
3813 4799 3990 4871 ducti
4044 4803 4221 4888 sunt,

596 4933 820 5005 minus
890 4935 1114 5025 aptum
1183 4956 1329 5006 esse
1383 4937 1552 5007 solet
1607 4957 1799 5026 quam
1858 4936 1965 5026 qui
2021 4935 2391 5026 antiquiore
2441 4937 2735 5025 tempore
2786 4933 3009 5027 scripti
3066 4939 3273 5008 erant.
3339 4935 3404 5006 in
3461 4934 3732 5007 Catonis
3785 4939 3852 5008 et
3905 4935 4222 5008 Varronis

601 5069 788 5141 libris
842 5069 1192 5141 accedebat
1242 5070 1439 5143 ctiam
1493 5072 1678 5160 illud,
1734 5073 1903 5163 quod
1952 5072 2019 5143 in
2081 5073 2302 5143 vetere
2354 5070 2575 5143 codice
2640 5093 2771 5144 non
2821 5072 3032 5143 solum
3101 5071 3183 5142 ab
3250 5069 3396 5162 ipso
3466 5069 3736 5142 librario
3807 5070 3918 5163 qui
3979 5071 4219 5144 librum

595 5204 957 5296 scripserat
1014 5205 1230 5278 varias
1284 5208 1596 5280 lectiones
1651 5230 1777 5280 non
1844 5207 2041 5280 nullis
2107 5206 2270 5280 locis
2340 5206 2709 5299 adscriptas
2773 5207 2977 5280 fuisse
3048 5207 3454 5300 accepimus,
3532 5209 3651 5279 sed
3720 5205 3920 5280 etiam
3982 5213 4220 5300 postea

601 5341 777 5413 haud
819 5340 1012 5414 dubie
1050 5344 1257 5414 multa
1286 5349 1572 5416 correcta
1624 5348 1830 5433 erant,
1879 5367 2152 5436 quorum
2202 5344 2458 5436 partem
2512 5342 2560 5415 ii
2615 5343 2726 5435 qui
2779 5343 3018 5417 librum
3046 5343 3505 5416 describebant
3559 5343 3625 5415 in
3677 5363 3797 5415 sua
3831 5347 4219 5438 apographa

596 5480 1005 5569 receperunt.
1067 5479 1348 5571 denique
1399 5485 1660 5553 vetusta
1696 5481 2029 5574 archetypi
2079 5479 2401 5572 scriptura
2454 5482 2723 5572 propter
2758 5479 3093 5552 insolitam
3133 5501 3345 5571 neque
3382 5480 3547 5553 satis
3573 5485 3750 5553 certo
3789 5483 4216 5574 adparentem

594 5612 967 5687 litterarum
1020 5617 1293 5689 somnam
1366 5615 1819 5689 difficultatem
1885 5615 2399 5690 describentibus
2472 5619 2843 5708 praebebat.
2917 5638 3043 5709 quo
3115 5616 3361 5689 factum
3427 5619 3531 5689 est
3590 5621 3663 5690 ut
3713 5616 4007 5689 maxima
4064 5638 4221 5709 pars

597 5749 911 5823 librorum
947 5753 1056 5844 qui
1097 5752 1213 5825 illo
1253 5755 1544 5845 tempore
1581 5755 1663 5825 ab
1693 5754 1885 5826 Italis
1937 5754 2161 5847 scripti
2215 5758 2370 5826 sunt
2419 5754 2644 5827 multis
2697 5753 2873 5825 vitiis
2909 5757 3455 5846 corrumperetur,
3482 5757 3551 5826 et
3604 5751 3906 5854 quamvis
3949 5751 4049 5824 illi
4094 5751 4220 5825 ori-

585 5885 750 5979 gine
797 5908 921 5961 non
974 5888 1171 5982 longe
1224 5888 1460 5961 diversi
1517 5893 1756 5979 essent,
1812 5895 2027 5964 tamen
2081 5877 2350 5983 propter
2399 5890 2815 5964 librariorum
2875 5888 3362 5984 neglegentiam
3416 5909 3616 5981 saepe
3660 5885 3832 5960 inter
3869 5910 3940 5961 se
3975 5886 4221 5960 discre-

3785 6015 3819 6065 2
