5206 6988
1292 1069 2265 1173 VNIVERSITATIS
2346 1069 3326 1172 FRIDERICIANAE

2065 1295 2559 1398 RECTOR

1034 1535 2533 1675 EDVARDVS
2706 1536 3584 1672 RIEHM

1883 1814 2149 1915 CVM
2231 1812 2745 1915 SENATV

2193 2004 2273 2088 S.
2331 2005 2435 2087 D.

1931 2162 2386 2248 CIVIBVS
2434 2163 2707 2248 SVIS.

704 2321 809 2453 In
851 2380 1124 2455 Catonis
1177 2383 1244 2453 et
1281 2380 1597 2454 Varronis
1649 2382 1731 2453 de
1784 2402 1857 2454 re
1909 2382 2154 2455 rustica
2203 2383 2394 2457 libris
2446 2384 2758 2457 lectiones
2810 2382 3252 2475 antiquissimi
3306 2380 3567 2468 codicia,
3625 2401 3790 2472 quas
3831 2379 4129 2473 Angelus

496 2517 871 2591 Politianus
922 2516 990 2590 in
1042 2514 1339 2610 principe
1391 2516 1697 2606 editione,
1752 2539 1925 2608 quae
1972 2517 2269 2592 Venetiis
2319 2541 2489 2593 anno
2552 2520 2731 2592 1471
2795 2520 2972 2592 facta
3024 2521 3146 2608 est,
3201 2518 3657 2602 adnotaverat,
3712 2517 3797 2587 ad
3842 2515 4131 2607 priscam

490 2657 565 2726 et
615 2652 968 2747 genuinam
1034 2653 1426 2745 scripturam
1492 2653 1963 2726 restituendam
2025 2655 2379 2747 plurimum
2430 2656 2650 2728 valere
2702 2677 2743 2727 a
2798 2654 3030 2747 peritis
3099 2654 3329 2726 harum
3380 2674 3596 2725 rerum
3649 2649 3975 2723 iudicibus
4028 2651 4130 2721 in-

494 2790 836 2863 tellectum
909 2794 1039 2871 est,
1111 2790 1217 2863 ubi
1288 2790 1569 2883 primum
1645 2793 1962 2883 excerpta
2003 2791 2317 2865 Politiani
2378 2814 2419 2864 a
2470 2794 2795 2882 Gesnero,
2864 2791 2976 2884 qui
3047 2812 3126 2864 ea
3191 2791 3276 2863 ab
3327 2788 3613 2862 Henrico
3668 2787 4129 2860 Brenkmanno

492 2924 832 3018 descripta
906 2924 1232 3014 habebat,
1321 2947 1493 2997 anno
1569 2924 1650 2997 17
1661 2924 1701 2997 7
1711 2929 1753 2997 5
1826 2924 1895 2998 in
1967 2927 2254 3001 editione
2328 2929 2718 3021 scriptorum
2784 2926 2879 2999 rei
2948 2927 3231 2999 rusticae
3285 2925 3465 2998 edita
3517 2928 3691 2996 sunt.
3797 2924 4130 2995 Gesnerus

496 3066 762 3143 autem,
876 3063 950 3133 ut
1044 3082 1302 3132 omnem
1390 3059 1752 3152 scripturae
1846 3061 2232 3136 varietatem
2317 3064 2383 3136 in
2471 3064 2576 3137 his
2645 3063 2835 3136 libris
2926 3066 3080 3136 ante
3143 3062 3368 3135 oculos
3423 3064 3728 3153 poneret,
3798 3079 3929 3130 una
3986 3078 4131 3130 cum

502 3197 893 3271 lectionibus
944 3217 986 3268 a
1052 3194 1388 3270 Politiano
1441 3218 1527 3269 ex
1580 3196 1828 3269 duobus
1879 3197 2209 3272 codicibus
2278 3200 2611 3292 excerptis
2662 3205 2842 3288 (nam
2894 3203 3158 3291 praeter
3208 3198 3549 3289 antiquum
3598 3195 3884 3268 codicem
3938 3213 4133 3286 quem

499 3333 649 3406 dixi
720 3334 1000 3405 alterum
1079 3331 1419 3423 aliquanto
1502 3334 1927 3406 recentiorem
2009 3303 2430 3425 adhibuerat)
2506 3357 2764 3410 omnem
2833 3334 3340 3427 discrepantiam
3410 3332 3874 3424 impressorum
3936 3334 4134 3403 antea

506 3467 986 3560 exemplarium
1052 3468 1406 3542 adnotavit.
1487 3469 1658 3560 quod
1721 3468 1981 3560 quidem
2047 3470 2117 3542 in
2169 3471 2463 3564 principe
2513 3471 2827 3561 editione,
2901 3492 3033 3563 qua
3104 3471 3173 3543 in
3233 3468 3643 3543 excutiendis
3695 3465 3884 3538 libris
3936 3486 4134 3537 manu

500 3602 773 3695 scriptis
831 3600 1198 3676 Politianus
1259 3625 1419 3675 usus
1472 3607 1643 3691 erat,
1714 3603 1889 3674 haud
1968 3604 2162 3677 dubie
2215 3606 2297 3677 ad
2351 3626 2488 3678 rem
2539 3605 2935 3699 pertinebat.
2999 3625 3151 3677 nam
3222 3607 3556 3676 Gesnerus
3620 3606 3794 3689 tum,
3884 3621 4030 3673 cum
4093 3621 4133 3672 a

501 3761 629 3812 sua
690 3738 975 3812 editione
1037 3761 1116 3812 ea
1182 3760 1349 3830 quae
1407 3738 1783 3812 Politianus
1849 3740 2280 3814 adnotaverat
2347 3741 2846 3834 discrepabant,
2905 3741 3069 3813 haec
3137 3737 3468 3831 adscripto
3532 3737 3670 3810 eius
3731 3736 3994 3808 nomine
4066 3735 4135 3807 in

500 3873 932 3948 adnotatione
983 3873 1314 3960 exhibuit3
1369 3874 1437 3946 in
1489 3873 1792 3967 reliquiS,
1861 3875 1970 3946 ubi
2023 3875 2487 3968 impressorum
2529 3877 2840 3953 librorum
2894 3875 3212 3949 lectiones
3260 3873 3571 3966 adposuit
3621 3893 3833 3965 neque
3888 3872 4045 3964 quid
4096 3893 4137 3945 a

502 4009 840 4084 Politiano
890 4014 1213 4084 mutatum
1278 4014 1456 4083 esset
1519 4009 1865 4101 indicavit,
1942 4012 2065 4084 hoc
2131 4011 2437 4086 instituto
2486 4011 2844 4106 significari
2899 4011 3162 4084 volebat
3214 4009 3574 4102 principem
3632 4008 3988 4081 editionem
4043 4007 4141 4081 ita

502 4148 596 4220 ab
663 4147 779 4220 illo
831 4153 1189 4220 correctam
1242 4168 1417 4235 esse,
1472 4151 1547 4218 ut
1596 4168 1741 4220 cum
1792 4169 1913 4220 sua
1963 4146 2245 4221 lectione
2297 4148 2438 4221 eius
2490 4152 2804 4240 excerpta
2855 4145 3341 4220 consentirent.
3379 4165 3654 4237 cumque
3705 4144 3846 4236 ipse
3906 4143 4139 4218 editio-

505 4304 658 4355 nem
712 4292 1101 4374 sequeretur
1147 4281 1328 4354 Petri
1383 4281 1672 4374 Victorii,
1729 4281 1840 4374 qui
1893 4282 2097 4356 libros
2150 4306 2235 4355 ex
2290 4285 2519 4357 eodem
2583 4287 2806 4356 vetere
2857 4281 3104 4371 codice,
3159 4303 3287 4372 quo
3337 4284 3494 4353 ante
3547 4301 3695 4352 eum
3766 4279 4140 4352 Politianus

506 4440 671 4492 usus
720 4421 885 4507 erat,
928 4418 1309 4492 emendatos
1360 4418 1673 4507 ediderat,
1726 4419 2043 4512 plurimas
2094 4419 2409 4493 lectiones
2465 4440 2634 4512 quae
2690 4421 2774 4491 ab
2823 4420 2946 4493 hoc
2999 4419 3352 4490 adnotatae
3388 4422 3577 4489 erant
3617 4415 3744 4487 iam
3781 4416 3847 4487 in
3885 4420 4140 4488 textum

504 4559 811 4647 receptas
861 4554 1142 4643 invenit,
1216 4577 1304 4626 ex
1375 4554 1855 4646 antiquioribus
1924 4559 2144 4628 autem
2221 4554 2620 4628 editionibus
2686 4575 2993 4647 magnam
3044 4551 3395 4626 lectionum
3446 4551 3850 4624 diversarum
3904 4551 4141 4625 molem

510 4692 579 4762 in
646 4690 1068 4764 adnotatione
1136 4690 1563 4764 coacervavit.
1633 4713 1761 4782 quo
1845 4693 2090 4765 factum
2162 4697 2265 4765 est
2330 4696 2404 4765 ut
2474 4692 2521 4763 ii
2578 4690 2693 4783 qui
2745 4697 2898 4782 post
2950 4695 3316 4762 Gesnerum
3365 4687 3431 4758 in
3482 4687 3590 4759 his
3643 4686 3828 4760 libris
3882 4710 4143 4780 operam

509 4827 1020 4900 conlocaverunt
1087 4828 1156 4900 in
1226 4848 1511 4901 errorem
1583 4827 2075 4914 inducerentur,
2165 4832 2239 4900 ut
2306 4827 2442 4900 illis
2514 4847 2771 4920 quoque
2846 4825 3139 4917 aliquam
3206 4823 3665 4896 auctoritatem
3735 4824 4147 4897 tribuendam

514 4964 844 5056 putarent,
899 4962 1427 5055 quandoquidem
1478 4961 1770 5036 codicum
1820 4984 2014 5037 manu
2060 4964 2448 5057 scriptorum
2502 4963 2840 5051 lectioneS,
2894 4967 2968 5035 ut
3018 4960 3113 5032 ait
3154 4957 3616 5048 Schneiderus,
3668 4959 4148 5052 antiquissimis

511 5099 913 5173 editionibus
985 5098 1272 5172 fideliter
1345 5120 1699 5190 expressas
1787 5121 1934 5173 esse
2019 5100 2144 5173 sibi
2209 5108 2697 5193 persuaserant.
2773 5099 2987 5172 acrius
3059 5101 3279 5170 tamen
3337 5095 3704 5170 iudicantes
3785 5094 3914 5167 iam
3990 5095 4146 5170 olim

518 5238 1002 5329 perspexerant
1068 5258 1197 5307 uno
1273 5236 1493 5310 codice
1556 5258 1598 5309 a
1650 5238 1979 5312 Politiano
2040 5244 2106 5312 et
2164 5237 2450 5311 Victorio
2519 5256 2799 5310 excusso
2867 5256 3122 5308 omnem
3197 5233 3559 5326 scripturae
3628 5231 3816 5304 nobis
3869 5231 4152 5306 traditae

522 5372 902 5447 memoriam
971 5371 1287 5445 contineri
1362 5393 1570 5465 eaque
1638 5396 1809 5467 quae
1870 5376 1953 5447 ab
1995 5374 2117 5447 illa
2180 5376 2564 5447 recederent
2617 5372 2726 5446 vel
2782 5370 3173 5445 coniecturis
3226 5371 3575 5444 tribuenda
3621 5389 3770 5443 esse
3824 5369 4148 5443 editorum

521 5508 630 5582 vel
704 5508 1094 5601 corruptelis
1171 5507 1485 5583 librorum
1563 5532 1758 5583 manu
1829 5511 2242 5604 scriptorum,
2314 5511 2552 5602 quibus
2620 5509 2719 5581 illi
2800 5509 2871 5581 in
2942 5507 3335 5582 editionibus
3395 5507 3707 5599 parandis
3768 5505 3867 5579 usi
3942 5511 4148 5580 erant.

516 5643 770 5717 certius
824 5649 892 5717 et
941 5645 1021 5717 de
1069 5643 1464 5718 auctoritate
1515 5645 1758 5719 codicis
1807 5650 1873 5719 et
1923 5648 2005 5719 de
2074 5646 2202 5721 fide
2252 5645 2569 5720 Politiani
2639 5649 2778 5718 tum
2830 5643 3101 5716 iudicari
3153 5646 3441 5735 poterat,
3495 5663 3641 5715 cum
3694 5646 3953 5734 reperto
4011 5640 4157 5732 ipso

522 5783 835 5874 exemplo
886 5767 1200 5874 principis
1270 5780 1579 5856 editionis
1649 5783 1819 5876 quod
1877 5783 2242 5858 Politianus
2311 5785 2742 5856 adnotaverat
2799 5783 2868 5854 et
2919 5777 3200 5854 conlatis
3249 5778 3441 5852 libris
3494 5801 3687 5852 manu
3745 5777 4009 5870 scriptis
4045 5776 4156 5868 qui

522 5938 701 5991 nunc
751 5919 1105 6010 supersunt
1154 5916 1556 5992 intellectum
1617 5922 1739 6007 est,
1794 5941 1926 6011 qua
1977 5918 2230 5993 ratione
2276 5918 2395 5992 ille
2446 5918 2514 5990 in
2560 5917 2952 5992 excutiendo
3003 5916 3223 5991 codice
3277 5937 3440 5988 usus
3489 5914 3594 5987 sit.

3683 6033 3757 6092 ι*
