5206 6988
2744 537 2814 584 v1

964 763 1128 821 esse,
1183 746 1310 807 aut
1347 760 1623 832 parum
1662 730 2011 829 proqredz
2050 755 2269 826 posse
2309 739 2517 826 pute.
2603 727 3156 801 Vetustissimum
3207 727 3536 801 uolumen
3579 740 3678 800 est
3737 727 3816 800 in
3866 727 4027 799 diui
4053 724 4302 798 Marci
4345 724 4601 798 biblio-

965 872 1181 955 theca,
1233 870 1313 943 in
1368 894 1506 966 quo
1540 866 1644 940 M.
1685 865 1979 941 Catonis
2029 890 2215 938 unus
2250 862 2425 938 liber
2462 875 2577 947 est,
2636 890 2840 961 quem
2876 864 2962 937 de
2989 863 3099 936 Re
3132 865 3403 936 rustica
3450 862 3767 959 scripsit:
3825 888 3910 934 ac
3963 873 4101 933 tres
4135 859 4240 934 M.
4281 859 4611 933 Terentii

981 1005 1353 1097 Varronis,
1404 1003 1674 1075 Rerum
1724 1002 1885 1075 item
1938 1000 2390 1073 rusticarum.
2476 998 2557 1073 Is
2590 1026 2773 1071 unus
2807 997 3000 1083 liber,
3052 1011 3131 1071 ut
3183 1024 3432 1071 uerum
3467 999 3748 1095 fatear,
3794 1008 3858 1069 et
3906 1010 3985 1069 ut
4032 996 4224 1070 ueris
4259 995 4601 1069 laudibus

964 1144 1203 1241 ipsum
1255 1165 1520 1231 ornem,
1577 1137 1888 1209 maiores
1936 1134 2475 1208 nu7ziutilitates
2498 1134 2855 1231 praebuit,
2910 1160 3128 1232 quam
3153 1131 3483 1206 uniuersi
3500 1130 3662 1204 aliie
3712 1144 4008 1228 superat
4042 1131 4228 1205 enim
4255 1131 4596 1229 reliquos,

968 1303 1145 1376 quos
1199 1272 1447 1355 habui,
1502 1270 1713 1368 lonyo
1763 1268 2171 1354 interuallo,
2244 1279 2307 1342 et
2356 1281 2716 1351 uetustate,
2769 1281 2834 1342 et
2885 1268 3234 1351 fidelitate.
3337 1268 3488 1341 Nec
3558 1279 3793 1341 tamen
3851 1267 4115 1360 cuncti,
4186 1267 4317 1364 qui
4362 1266 4441 1339 in
4508 1293 4597 1338 eo

966 1410 1506 1485 continebantur
1558 1417 1908 1489 auctores,
1961 1406 2065 1477 ad
2110 1432 2245 1479 nos
2297 1416 2830 1501 peruenerunt:
2904 1431 3076 1477 nam
3137 1405 3279 1477 duo
3339 1404 3472 1477 toti
3530 1414 3872 1476 uetustate
3937 1402 4243 1500 collapsi
4283 1413 4474 1485 sunt,
4532 1414 4604 1476 et

968 1546 1075 1619 M.
1147 1542 1497 1616 Varronis
1549 1552 1862 1613 eastrema
1917 1540 2127 1613 etiam
2160 1568 2351 1638 pars
2401 1540 2680 1638 dejecit.
2794 1539 3402 1632 Quemadmodum
3452 1551 3685 1612 autem
3743 1564 3831 1612 ea:
3857 1551 4088 1611 uetere
4112 1538 4601 1636 inscriptione,

969 1707 1153 1780 quae
1201 1678 1280 1751 in
1321 1678 1579 1776 fronte
1631 1675 1803 1748 libri
1848 1687 1972 1759 est,
2044 1676 2544 1771 coqnoscimus,
2598 1675 2778 1749 Iuni
2827 1675 3196 1749 Moderati
3244 1673 3666 1749 Columellae
3716 1674 3931 1748 XII
3972 1673 4145 1748 libri
4188 1672 4334 1747 illic
4383 1675 4604 1747 etiam

970 1827 1202 1899 erant,
1265 1826 1327 1887 et
1382 1838 1566 1883 unus
1620 1822 1782 1883 ante
1831 1810 1992 1883 illos
2045 1809 2314 1883 Claudi
2357 1810 2760 1884 Martialis:
2829 1810 3072 1884 literae
3143 1824 3376 1885 tamen
3446 1822 3509 1884 et
3577 1810 4033 1908 antiquitate,
4076 1785 4083 1792 ⁸
4122 1820 4186 1881 et
4220 1808 4612 1907 frequenti

971 1950 1220 2023 attritu
1285 1948 1365 2020 in
1411 1946 1667 2045 prima
1722 1958 1942 2044 parte
2014 1945 2185 2019 libri
2236 1945 2341 2018 ita
2413 1945 2677 2019 deletae
2720 1958 2925 2032 sunt,
2992 1957 3071 2019 ut
3112 1948 3473 2021 rubricam
3539 1946 4089 2044 superinducere
4142 1971 4326 2043 opus
4357 1944 4605 2042 suerit

973 2094 1023 2179 s
1026 2085 1318 2158 rubrica
1379 2083 1564 2155 enim
1633 2094 1920 2154 notatae
1974 2080 2459 2156 huiuscemodi
2520 2082 3023 2180 inscriptiones
3064 2083 3140 2155 in
3192 2110 3272 2156 eo
3315 2091 3527 2177 sunt)
3581 2110 3807 2181 quare
3873 2081 4160 2155 macula
4217 2081 4466 2179 aliqua
4514 2082 4602 2156 in.

971 2222 1083 2296 his
1142 2219 1546 2293 nominibus
1597 2245 1739 2291 esse
1782 2229 2036 2316 potest.
2139 2216 2517 2291 Martialis·
2569 2229 2806 2290 tamen
2866 2231 3112 2316 aperte
3165 2218 3437 2316 leyitur.
3540 2217 3956 2292 Martialem
4007 2229 4239 2291 autem
4291 2229 4599 2290 ueterem

956 2328 1195 2456 fuisse
1243 2356 1356 2428 rei
1400 2354 1711 2427 rusticae
1761 2353 2206 2451 scriptorem,
2278 2353 2671 2427 testimonio
2757 2353 2969 2428 etiam
3039 2354 3366 2427 Palladii
3453 2354 3849 2427 didicimus.
3956 2354 4255 2429 Seruius
4319 2379 4601 2451 quoque

990 2491 1288 2589 Verqilii
1332 2492 1681 2586 interpres
1734 2516 1891 2562 cum
1945 2488 2167 2561 locum
2214 2487 2415 2562 illum
2467 2516 2503 2561 e
2555 2488 2741 2561 IIII
2795 2487 3305 2586 Georyicorum
3354 2490 3771 2583 declararet,
3815 2535 3907 2546 —
3964 2503 4174 2587 atque
4228 2487 4393 2561 aliis
4423 2497 4604 2584 post

974 2624 1595 2701 commemoranda
1646 2622 2004 2720 relinquo:
2058 2624 2328 2720 inquit:
2386 2623 2794 2721 Garqilium
2835 2623 3249 2699 Martialem
3299 2626 3678 2724 szynfflcat.
3763 2627 3963 2701 Sitne
4023 2625 4212 2697 idem
4251 2622 4599 2716 Palladii,

977 2775 1040 2836 et
1067 2761 1322 2843 Seruii,
1379 2756 1765 2841 Martialis,
1811 2758 2121 2830 studiose
2172 2785 2513 2855 quaerere
2546 2786 2737 2832 nunc
2787 2760 3076 2833 minime
3130 2774 3426 2859 oportet.
3493 2761 3654 2835 Hoc
3679 2773 3913 2834 autem
3958 2759 4356 2857 relinquere
4379 2756 4602 2844 nolui,

977 2897 1150 2996 quin
1202 2907 1446 2968 notum
1475 2895 1825 2991 jacerem,
1882 2903 1956 2963 ut
2006 2906 2317 2966 uetustas
2366 2893 2576 2967 huius
2628 2894 2800 2967 libri
2842 2895 3371 2993 intelliqeretur,
3435 2896 3566 2993 qui
3615 2894 3758 2969 illis
3810 2896 4240 2992 temporibus
4292 2893 4604 2990 scriptus

961 3032 1141 3131 fuit,
1196 3030 1447 3128 quibus
1507 3027 1643 3100 alii
1683 3026 1915 3100 adbuc
1982 3028 2368 3125 scriptores
2421 3031 2996 3126 reperiebantur,
3059 3031 3190 3128 qui
3223 3044 3484 3127 postea
3523 3030 3946 3128 neqliyentia
4011 3028 4401 3111 hominum,
4479 3039 4607 3102 aut

978 3166 1369 3241 seculorum
1444 3165 1820 3262 iniquitate
1875 3164 2274 3261 perierunt.
2396 3164 2526 3237 Ille
2590 3178 2824 3239 autem
2888 3166 2960 3238 si
3013 3177 3196 3238 totus
3264 3140 3667 3263 inteyerque
3734 3177 4194 3238 conset-uatus
4258 3175 4460 3257 esset,
4542 3173 4610 3236 et

980 3302 1275 3375 Iunium
1332 3298 1787 3374 Columellam
1842 3306 2168 3397 sortasse
2232 3302 2808 3396 emendatiorem,
2863 3313 2926 3374 et
2978 3300 3198 3373 alium
3252 3328 3391 3399 quo
3460 3328 3806 3385 caremus,
3900 3326 4045 3372 non
4111 3298 4609 3395 neqliqendum

977 3438 1393 3534 scriptorem
1455 3433 1889 3507 haberemus.
1993 3435 2249 3508 Habui
2297 3437 2505 3510 etiam
2560 3437 2836 3509 eosdem
2886 3415 3208 3510 auctores
3255 3437 3337 3508 in
3392 3435 3537 3509 alio
3587 3434 3964 3531 uolumine,
4065 3461 4212 3507 non
4264 3434 4444 3507 adeo
4484 3458 4607 3507 ue-

982 3584 1186 3663 tusto,
1241 3597 1464 3668 neque
1490 3647 1491 3650 ¹
1519 3570 1696 3641 adeo
1730 3568 1959 3666 fideli,
2016 3570 2211 3667 quod
2249 3569 2471 3642 literis
2527 3568 2825 3642 Gallicis
2863 3569 3206 3665 scriptum
3257 3571 3653 3642 uidebatur.
3719 3570 3819 3642 Id
3865 3580 4098 3642 autem
4144 3596 4180 3641 e
4229 3569 4607 3645 Medicaea

982 3703 1391 3779 bibliotheca
1438 3703 1788 3801 prompsi,
1845 3718 1907 3777 et
1948 3732 2095 3778 non
2139 3731 2418 3802 paucos
2468 3704 2632 3777 item
2683 3702 2865 3775 alios
2917 3703 3047 3800 qui
3091 3703 3234 3778 illic
3279 3704 3797 3798 custodiuntur,
3868 3733 4046 3803 quos
4086 3733 4278 3779 nunc
4329 3732 4605 3780 necesse

983 3868 1129 3913 non
1191 3853 1290 3912 est
1349 3866 1591 3911 omnes
1650 3839 2048 3911 nominare.
2156 3840 2269 3912 De
2342 3865 2484 3910 uno
2555 3850 2790 3911 autem
2858 3850 3157 3924 tantum,
3224 3842 3355 3938 qui
3400 3839 3771 3936 diliqenter
3823 3853 4167 3913 exaratus
4195 3840 4383 3939 fuit,
4450 3852 4514 3912 et
4565 3867 4603 3914 e

983 3977 1169 4049 bono
1206 3973 1607 4070 exemplari
1627 3973 2024 4070 exscriptus
2041 3973 2355 4059 Patauii,
2408 4001 2556 4047 non
2593 3949 2852 4047 taceb0.
2921 3974 3301 4048 Franci-sci
3322 3988 3560 4048 autem
3594 3976 3940 4060 Barbari,
3991 3975 4305 4072 patricii
4341 3974 4601 4062 Veneti,

989 4112 1353 4209 quondam
1383 4109 1571 4208 fuit:
1625 4120 1689 4180 et
1741 4108 1890 4181 eius
1939 4108 2172 4182 studio
2229 4109 2304 4180 in
2357 4136 2441 4181 ea
2489 4112 2683 4204 urbe,
2734 4110 2816 4182 in
2865 4136 3012 4208 qua
3063 4110 3554 4184 doctrinarum
3586 4111 4020 4184 domicilium
4067 4122 4183 4194 est,
4237 4109 4610 4206 diliqenter

989 4247 1386 4344 descriptus
1442 4245 1691 4343 fuisse
1748 4242 1892 4316 illic
1952 4244 2288 4317 traditur.
2392 4243 2505 4316 Hi
2548 4257 2714 4317 sunt
2761 4246 3159 4343 praecipue
3209 4248 3504 4332 codices,
3588 4274 3890 4344 quorum
3956 4247 4378 4319 auctoritate
4434 4274 4609 4322 usus

985 4410 1186 4456 sum:
1237 4408 1405 4453 nam
1460 4379 1616 4464 alii,
1669 4391 1794 4452 aut
1834 4380 1921 4452 de
1969 4381 2235 4476 optimo
2288 4379 2409 4452 illo
2465 4380 2821 4478 descripti,
2870 4393 2997 4454 aut
3047 4383 3150 4454 ita
3204 4384 3533 4456 mendose
3587 4394 3650 4454 et
3673 4380 4099 4479 neqliqenter
4139 4382 4398 4477 scripti
4421 4394 4607 4468 sunt,

988 4532 1066 4592 ut
1123 4544 1363 4591 eorum
1416 4517 1884 4589 testimonium
1916 4543 2241 4612 paruum
2289 4516 2590 4612 pondus
2643 4516 2892 4587 merito
2940 4516 3349 4590 habiturum
3400 4518 3660 4615 juem‘t.
3786 4517 4155 4608 Quomodo
4214 4530 4614 4613 susceptum

987 4654 1268 4752 neqotiu
1279 4680 1344 4722 m
1398 4651 1987 4735 administrarim,
2041 4678 2129 4723 ecc
2178 4651 2480 4748 singulis
2532 4677 2722 4724 nunc
2776 4649 3367 4749 explicationibus
3415 4653 3589 4725 meis
3639 4651 4043 4749 apparebit.

1193 4789 1522 4884 Quantum
1553 4787 1888 4862 Marciano
1921 4787 2126 4861 codici
2160 4810 2321 4881 prae
2371 4788 2650 4881 reliquis
2684 4787 2988 4861 tribuerit
3034 4789 3399 4863 declaravit
3433 4789 3856 4863 adnotatione
3890 4790 4184 4863 adVarr.
4217 4792 4322 4863 III
4359 4791 4473 4882 17,
4493 4795 4613 4869 24.

1002 4923 1366 5022 Optimus,
1462 4949 1548 4994 ac
1615 4923 2125 4995 uetustissimus
2184 4923 2431 5007 codex,
2495 4925 2881 4998 Tubicinam
2950 4926 3295 5000 Graecum.
3417 4924 3618 5017 Quae
3675 4935 4039 5021 postrema
4095 4925 4319 4997 uerba
4384 4926 4464 4998 in
4532 4953 4614 4999 eo

990 5072 1186 5134 sunt:
1238 5058 1585 5157 reliquum
1652 5059 1838 5132 enim
1887 5057 2060 5131 libri
2103 5059 2379 5157 dejecit.
2482 5059 2676 5133 Hinc
2735 5075 2967 5135 autem
3027 5060 3396 5158 inteqritas
3459 5061 3608 5133 eius
3675 5060 3941 5133 codicis
4012 5060 4309 5158 intelliqi
4353 5074 4614 5158 potest,

994 5194 1191 5288 quod
1253 5206 1639 5267 esctremum
1704 5193 1889 5266 lzunc
1955 5191 2211 5265 librum
2284 5194 2577 5278 multae,
2651 5223 2736 5268 ac
2803 5222 3109 5294 maqnae
3177 5194 3495 5267 maculae
3560 5196 3799 5267 statim
3872 5207 4344 5291 occuparunt:
4433 5224 4618 5293 quae

993 5341 1207 5402 antea
1240 5330 1613 5425 superstite
1648 5327 1772 5401 illo
1807 5355 1955 5401 non
2011 5340 2153 5401 tam
2207 5327 2490 5402 licenter
2516 5331 2992 5427 uayabantur,
3046 5343 3172 5403 aut
3203 5331 3275 5404 si
3301 5329 3694 5428 improbius
3714 5356 3790 5403 se
3816 5329 4238 5416 extulissent,
4278 5344 4625 5427 poterant

994 5463 1325 5537 coerceri.
1428 5464 1597 5560 Ipse
1646 5491 1835 5538 nunc
1886 5493 1967 5538 eo
2003 5465 2382 5562 praesidio
2431 5465 2828 5560 destitutus,
2896 5467 3076 5564 quid
3111 5467 3429 5565 jaciam,
3501 5493 3650 5538 non
3699 5465 3946 5538 babeo:
4020 5468 4350 5563 quamuis
4433 5468 4621 5543 enim

987 5598 1238 5696 plures
1286 5626 1505 5671 manu
1562 5599 1866 5696 scriptos
1915 5599 2131 5673 libros
2181 5599 2540 5673 consulere
2585 5603 2885 5697 possim,
2941 5615 3204 5676 certum
3257 5615 3491 5675 tamen
3542 5602 3816 5696 dttcem,
3870 5629 4010 5700 quo
4061 5603 4417 5700 confidam
4468 5630 4617 5676 non

995 5731 1249 5807 babeo:
1300 5734 1414 5807 ille
1470 5746 1703 5808 autem
1753 5761 1967 5833 saepe
2016 5735 2197 5807 mihi
2239 5736 2318 5809 in
2370 5735 2580 5808 malis
2630 5738 2839 5810 rebus
2886 5739 3261 5812 subuenire
3310 5737 3596 5811 solebat.
3684 5737 3834 5811 Sed
3879 5739 4112 5811 maius
4163 5738 4374 5811 etiam
4416 5739 4620 5811 dam-

995 5895 1164 5941 num
1199 5871 1532 5969 fecimus,
1587 5871 1783 5969 quod
1828 5872 2166 5969 antiquus
2216 5873 2328 5946 rei
2370 5873 2676 5946 rusticae
2725 5874 3053 5971 scriptor,
3105 5874 3176 5947 si
3218 5873 3335 5970 laic
3386 5872 3559 5946 liber
3611 5874 3946 5970 temporis
3995 5872 4306 5947 iniurias
4354 5875 4622 5947 subter-
