5206 6988
2762 533 2860 580 XII

994 729 1155 820 dixi,
1206 749 1420 821 neque
1472 747 1669 813 unum
1725 726 2009 819 aliquem
2067 726 2131 799 in
2187 726 2454 801 Catonis
2507 728 2768 820 quidem
2826 728 2994 801 libro
3045 726 3227 825 (nam
3285 729 3599 804 Varronis
3649 730 3961 803 librorum
4012 730 4302 804 condicio
4365 732 4447 804 ab
4498 731 4621 805 hac

997 869 1188 959 parte
1238 863 1475 937 melior
1519 866 1651 953 est)
1705 864 1894 956 sequi
1948 862 2209 954 licebat,
2264 884 2475 956 neque
2528 863 2595 936 in
2652 863 3046 937 adnotandis
3104 884 3328 936 eorum
3381 864 3767 937 lectionibus
3802 865 4033 938 eadem
4066 864 4435 958 diligentia,
4487 885 4620 956 qua

993 1002 1064 1073 in
1116 999 1421 1073 Parisino
1470 1020 1635 1072 usus
1684 1019 1890 1088 eram,
1963 1020 2125 1090 opus
2177 997 2322 1071 fuit.
2423 1021 2627 1092 quare
2677 1004 2814 1073 tres
2869 1021 2955 1074 ex
3006 1001 3130 1073 hoc
3182 1021 3426 1094 genere
3480 1000 3748 1073 adhibui
3800 1002 4031 1091 libros,
4105 1000 4618 1076 Laurentianum

1001 1140 1177 1226 51,1
1245 1135 1408 1231 (j),
1462 1134 1978 1207 Laurentianum
2017 1135 2198 1223 51,2
2239 1133 2404 1226 (b),
2458 1136 2887 1210 Caesenatem
2942 1142 3101 1227 (c),
3156 1159 3431 1229 quorum
3459 1137 3939 1211 consentientes
3986 1138 4157 1211 inter
4199 1159 4271 1211 se
4306 1136 4620 1212 lectiones

998 1271 1323 1347 communi
1378 1271 1570 1364 signo
1622 1270 1695 1341 R
1743 1294 1904 1344 usus
1962 1271 2263 1345 indicavi.
2355 1293 2506 1344 nam
2578 1275 2886 1365 quoniam
2959 1293 3036 1344 ea
3111 1272 3251 1346 fere
3323 1274 3469 1346 sola
3534 1294 3700 1365 quae
3770 1274 4091 1347 communi
4161 1272 4447 1346 omnium
4518 1274 4626 1347 vel

993 1408 1422 1502 complurium
1449 1429 1769 1481 consensu
1806 1409 2189 1482 confirmata
2213 1414 2367 1482 sunt
2409 1409 2700 1501 aliquam
2756 1408 3213 1482 auctoritatem
3271 1407 3535 1496 habent,
3593 1429 3669 1481 ea
3706 1429 3875 1500 quae
3924 1408 4120 1481 unius
4168 1408 4435 1500 propria
4470 1411 4626 1484 sunt

993 1546 1381 1639 plerumque
1431 1544 1645 1618 omitti
1693 1550 2019 1637 poterant.
2120 1567 2511 1638 quamquam
2564 1567 2763 1638 saepe
2806 1544 3043 1619 accidit
3094 1548 3168 1615 ut
3218 1544 3377 1615 illae
3431 1543 3746 1617 lectiones
3801 1567 3929 1619 non
3981 1548 4254 1637 possent
4285 1542 4411 1616 nisi
4448 1543 4624 1618 notis

993 1682 1402 1776 singulorum
1455 1680 1766 1754 librorum
1822 1680 2177 1772 separatim
2232 1682 2555 1774 adpositis
2608 1681 2900 1755 indicari.
3016 1680 3082 1752 in
3144 1700 3270 1771 quo
3343 1679 3509 1751 illud
3579 1702 3838 1770 moneo,
3912 1702 4114 1752 unum
4166 1679 4619 1753 Florentinum

995 1819 1279 1892 codicem
1316 1815 1374 1913 J‘
1422 1816 1488 1888 in
1541 1816 1659 1889 illo
1712 1839 1980 1909 genere,
2048 1817 2220 1909 quod
2280 1816 2501 1911 potius
2555 1818 2638 1890 ad
2675 1817 2922 1890 variam
2980 1818 3301 1891 scribendi
3352 1818 3673 1890 rationem
3728 1838 3922 1909 quam
3979 1816 4061 1887 ad
4116 1814 4625 1907 discrepantiam

993 1953 1298 2027 lectionis
1350 1952 1663 2045 pertinet,
1735 1951 1951 2023 minus
2020 1958 2322 2026 accurate
2394 1974 2588 2046 quam
2666 1955 2955 2047 reliquos
3020 1957 3182 2028 duos
3233 1976 3578 2029 excussum
3633 1976 3778 2028 esse
3843 1975 4055 2045 eaque
4099 1954 4180 2026 de
4233 1973 4434 2025 causa
4484 1952 4625 2025 eius

993 2089 1334 2163 lectionem
1403 2108 1539 2158 una
1583 2107 1726 2158 cum
1797 2085 1935 2159 illis
2010 2109 2137 2160 non
2214 2108 2473 2181 semper
2551 2091 2947 2183 adscriptam
3018 2113 3181 2165 esse.
3279 2092 3540 2165 omnino
3610 2094 3831 2163 autem
3885 2089 4198 2163 Politiani
4262 2088 4627 2162 rationibus

992 2229 1117 2301 hoc
1169 2230 1468 2300 effectum
1523 2228 1623 2297 est
1676 2231 1753 2297 ut
1802 2227 2041 2315 multa,
2114 2248 2386 2318 quorum
2441 2249 2560 2320 per
2611 2248 2682 2298 se
2733 2228 2986 2298 nullam
3059 2227 3513 2301 auctoritatem
3572 2246 3718 2299 esse
3771 2226 3967 2298 facile
4021 2226 4324 2317 adparet,
4396 2228 4624 2296 tamen

995 2365 1077 2436 ad
1130 2363 1313 2435 illius
1363 2362 1558 2435 fidem
1610 2364 1715 2434 vel
1768 2361 2274 2435 confirmandam
2328 2363 2434 2435 vel
2486 2363 2871 2436 elevandam
2931 2362 3356 2436 adscribenda
3410 2366 3650 2436 essent.

1196 2501 1431 2591 Itaque
1475 2501 1550 2569 ut
1599 2502 1893 2589 repetam
1952 2500 2124 2589 quod
2179 2497 2339 2588 dixi,
2394 2498 2720 2591 scriptura
2776 2498 3113 2591 archetypi
3170 2499 3268 2571 ita
3314 2501 3810 2592 repraesentata
3862 2502 3992 2587 est,
4045 2502 4121 2569 ut
4172 2514 4621 2589 quaecumque

994 2657 1035 2708 a
1089 2639 1350 2727 recepta
1394 2633 1677 2707 lectione
1743 2633 1814 2704 in
1866 2633 2197 2726 excerptis
2239 2634 2557 2707 Politiani
2610 2635 2715 2708 vel
2769 2634 3054 2707 indicata
3107 2635 3349 2709 codicis
3399 2636 3724 2728 scriptura
3778 2632 3947 2725 (P)
4015 2635 4120 2707 vel
4188 2657 4316 2706 non
4366 2636 4622 2706 mutata

993 2771 1312 2865 principis
1369 2769 1677 2843 editionis
1729 2769 2011 2843 lectione
2062 2774 2239 2861 (V)
2308 2770 2738 2845 dissentirent
2787 2772 3292 2861 adnotarentur,
3366 2772 3656 2864 itemque
3711 2774 3777 2844 et
3836 2770 4280 2862 discrepantia
4333 2766 4621 2841 Parisini

994 2906 1239 2980 codicis
1310 2905 1484 2997 (A)
1554 2910 1622 2979 et
1688 2906 2017 2998 scriptura
2098 2907 2530 2979 recentiorum
2597 2909 3154 3001 apographorum,
3224 2929 3392 2999 quae
3462 2907 3725 2999 quidem
3803 2906 4085 2980 omnium
4156 2905 4260 2979 vel
4338 2904 4623 2997 plurium

996 3065 1319 3117 consensu
1388 3043 1772 3116 confirmata
1824 3045 2002 3116 esset
2060 3050 2095 3129 (
2111 3040 2233 3131 R)
2278 3045 2701 3118 exhiberetur
2773 3044 3050 3138 integra.
3120 3066 3198 3117 ea
3249 3066 3435 3135 ,quae
3506 3043 3570 3115 in
3623 3066 3753 3116 uno
3809 3044 3913 3115 vel
3977 3044 4187 3115 altero
4248 3063 4333 3114 ex
4402 3060 4625 3113 recen-

996 3180 1272 3253 tioribus
1313 3179 1714 3274 apographis
1754 3179 1989 3252 vitiose
2016 3181 2264 3271 scripta
2317 3184 2472 3252 sunt
2521 3184 2682 3270 tum,
2739 3155 2885 3253 cum
2918 3201 3140 3253 eorum
3171 3179 3549 3252 testimonia
3590 3178 3949 3251 adferenda
3982 3180 4171 3251 erant
4211 3197 4427 3269 neque
4455 3197 4625 3249 com-

997 3316 1177 3388 muni
1223 3316 1414 3410 signo
1470 3315 1928 3408 comprehendi
1982 3321 2315 3408 poterant,
2374 3318 2708 3409 adscripta
2744 3320 2913 3389 sunt.
2965 3338 3175 3407 neque
3211 3315 3425 3410 magis
3470 3314 3688 3387 omnia
3737 3312 4055 3406 principis
4105 3311 4413 3385 editionis
4465 3311 4630 3386 vitia

1000 3473 1169 3545 quae
1218 3473 1259 3525 a
1321 3451 1651 3525 Politiano
1715 3455 2008 3527 correcta
2063 3457 2255 3526 erant
2312 3452 2638 3542 indicata,
2720 3453 2835 3527 sed
2879 3452 2994 3528 ¹ubi
3047 3451 3246 3524 huius
3297 3449 3741 3524 testimonium
3795 3449 4224 3523 adferendum
4279 3452 4458 3539 erat,
4541 3468 4621 3524 ea

997 3609 1167 3680 quae
1218 3588 1286 3659 in
1337 3588 1620 3661 editione
1670 3586 2012 3659 invenerat
2055 3587 2282 3658 addita
2335 3589 2507 3659 sunt.

1199 3723 1523 3796 Rubricas
1587 3723 1898 3815 capitum,
1964 3722 2199 3816 quibus
2252 3723 2519 3795 Catonis
2580 3722 2751 3796 liber
2814 3723 2878 3794 in
2931 3721 3285 3814 archetypo
3358 3721 3707 3793 distinctus
3759 3725 3929 3810 erat,
3986 3720 4054 3793 in
4130 3720 4622 3796 adnotationem

999 3858 1214 3949 reieci,
1268 3881 1351 3932 ne
1378 3859 1537 3931 vitia
1589 3863 1656 3931 et
1708 3859 1775 3930 in
1829 3859 1978 3952 ipsa
2030 3858 2315 3952 capitum
2369 3858 2789 3932 distinctione
2840 3864 2907 3931 et
2956 3858 3023 3929 in
3049 3857 3262 3932 verbis
3310 3878 3477 3949 quae
3546 3856 3682 3929 illis
3732 3857 4143 3950 praescripta
4201 3859 4392 3929 erant
4452 3878 4624 3930 com-

997 3996 1205 4068 missa
1258 3994 1328 4066 in
1381 3999 1567 4067 textu
1622 3998 1963 4069 verborum
2020 3999 2496 4087 repeterentur.
2561 3997 2680 4068 sed
2724 3997 2799 4067 ut
2868 3994 2938 4066 in
3004 3996 3126 4066 hac
3178 4014 3435 4085 quoque
3485 3996 3674 4085 parte
3725 3993 4063 4085 archetypi
4135 3992 4304 4065 ratio
4363 4013 4624 4085 reprae-

892 4119 897 4122 ’
1001 4134 1395 4222 sentaretur,
1448 4131 1744 4205 rubricas
1797 4131 1912 4215 sic,
1967 4133 2039 4203 ut
2088 4131 2155 4203 in
2214 4131 2511 4205 Parisino
2566 4130 2787 4205 codice
2840 4133 3123 4223 scriptas
3174 4130 3415 4218 inveni,
3471 4128 3714 4201 additis
3764 4127 4054 4200 numeris
4106 4135 4173 4200 et
4217 4128 4626 4220 praescripta

1000 4270 1067 4341 R
1114 4268 1341 4341 littera
1404 4268 1467 4340 in
1523 4268 1947 4342 adnotatione
1990 4263 2302 4340 exhibui.
2366 4266 2469 4339 his
2524 4271 2798 4360 propter
2850 4271 3162 4359 excerpta
3195 4265 3508 4339 Politiani
3561 4265 3782 4336 addidi
3833 4264 4066 4337 titulos
4117 4263 4434 4356 principis
4484 4262 4621 4337 edi-

1003 4405 1205 4478 tionis
1270 4426 1415 4478 cum
1468 4405 1552 4477 iis
1607 4426 1776 4496 quae
1834 4406 1919 4476 ab
1966 4404 2086 4477 illo
2140 4424 2225 4476 ex
2276 4404 2496 4477 codice
2566 4405 2899 4497 adscripta
2991 4407 3201 4477 erant.
3270 4423 3354 4474 ex
3421 4400 3894 4475 recentioribus
3960 4399 4365 4494 apographis
4431 4399 4625 4474 unius

1002 4542 1432 4615 Laurentiani
1487 4541 1725 4615 codicis
1782 4545 1960 4630 51,2
2024 4541 2257 4613 titulos
2329 4538 2701 4612 adscribere
2768 4538 2931 4610 satis
2999 4538 3143 4611 fuit.
3251 4537 3520 4610 Victorii
3571 4536 3838 4626 tituloS‚
3916 4560 4080 4630 quos
4132 4539 4248 4611 ille
4292 4540 4375 4610 ad
4427 4537 4624 4612 fidem

1004 4676 1244 4750 codicis
1284 4676 1384 4749 sui
1421 4680 1688 4750 exactos
1739 4678 2277 4769 praescripserat,
2314 4680 2475 4765 tum,
2530 4697 2675 4748 cum
2727 4679 2997 4768 propter
3047 4676 3329 4768 aliquem
3384 4673 3758 4746 dissensum
3808 4673 4212 4766 reliquorum
4258 4695 4424 4766 opus
4475 4694 4620 4749 esse

1003 4813 1367 4903 videbatur,
1421 4812 1660 4884 addidi.

1204 4948 1502 5043 Longius
1553 4949 1721 5021 hanc
1774 4970 1974 5021 manu
2036 4948 2423 5041 scriptorum
2494 4947 2806 5022 librorum
2859 4945 3362 5040 descriptionem
3413 4971 3542 5022 non
3596 4967 3982 5040 persequar,
4054 4968 4136 5017 ne
4187 4947 4450 5021 modum
4502 4967 4620 5021 ex·

1003 5087 1199 5160 cedat
1259 5087 1423 5159 haec
1463 5086 1839 5179 disputatio.
1906 5107 2111 5178 quare
2189 5107 2309 5157 nec
2376 5087 2457 5158 de
2509 5083 2718 5176 ipsius
2763 5082 3095 5176 archetypi
3149 5081 3362 5156 forma
3414 5090 3483 5156 et
3523 5104 3767 5177 genere
3824 5082 4181 5172 scribendi,
4247 5083 4419 5174 quod
4477 5083 4621 5176 qui-

1003 5224 1153 5296 dem
1205 5246 1291 5296 ex
1345 5223 1672 5297 erroribus
1724 5221 1924 5295 etiam
1975 5221 2506 5314 apographorum
2562 5219 2998 5314 cognoscitur,
3051 5241 3222 5292 nunc
3274 5220 3484 5292 dicam
3535 5240 3656 5292 nec
3705 5221 3787 5292 de
3836 5218 4199 5291 rationibus
4228 5219 4618 5293 emendandi

1003 5359 1372 5451 disputabo.
1442 5380 1654 5450 neque
1721 5356 1895 5431 enim
1966 5358 2383 5430 emendatam
2435 5356 2780 5430 lectionem
2833 5355 3147 5429 exhibere
3195 5356 3533 5445 volebam,
3604 5355 3715 5427 sed
3773 5355 4051 5428 sublatis
4103 5356 4365 5447 quidem
4419 5356 4620 5448 vitiis,

1006 5495 1244 5586 quibus
1295 5492 1579 5567 maxime
1628 5494 1821 5567 lectio
1872 5494 2193 5587 impedita
2243 5499 2406 5585 erat,
2459 5498 2704 5568 certum
2751 5491 3222 5567 emendationis
3279 5512 3513 5583 parare
3565 5491 4081 5582 fundamentum,
4123 5497 4199 5564 ut
4248 5492 4398 5585 quid
4456 5514 4615 5585 quo-

1007 5653 1136 5723 que
1202 5629 1346 5704 loco
1406 5631 1754 5704 memoriae
1814 5630 2144 5723 proditum
2204 5635 2385 5705 esset
2448 5631 2811 5724 quibusque
2875 5628 3248 5702 auctoribus
3314 5627 3382 5701 id
3424 5628 3962 5703 dissentientibus
4026 5627 4226 5702 etiam
4296 5629 4469 5703 inter
4548 5652 4620 5704 se

1007 5764 1199 5839 libris
1255 5767 1701 5841 confirmatum
1756 5770 1935 5841 esset
1983 5771 2331 5842 constaret.
