5206 6988
2314 446 2386 494 xl

554 644 668 719 sed
728 643 1037 736 quoniam
1090 643 1398 716 incertior
1448 647 1552 717 est
1602 641 1916 716 Politiani
1962 641 2125 715 fides
2177 641 2244 713 in
2295 639 2381 712 iis
2427 661 2600 731 quae
2651 662 2779 711 non
2813 641 3070 712 mutata
3119 638 3185 710 in
3232 637 3528 731 principe
3559 637 3847 711 editione
3889 636 4178 730 reliquit,

563 802 757 873 quam
812 779 879 853 in
936 779 1019 852 iis
1078 800 1247 872 quae
1300 802 1383 853 ex
1438 802 1638 852 manu
1690 778 1932 871 scripto
1980 778 2149 851 libro
2201 776 2573 868 adscripsit,
2623 776 2787 848 haec
2829 778 2957 848 duo
3006 794 3256 868 genera
3298 774 3394 846 ita
3443 773 3740 863 distinxi,
3793 777 3868 847 ut
3901 796 3980 848 ea
4014 797 4181 867 quae

546 938 631 990 ex
681 916 902 991 codice
956 917 1387 991 adnotaverat
1439 915 1513 988 P
1552 916 1808 1006 littera,
1885 937 2051 1008 quae
2114 914 2183 987 in
2253 913 2548 1007 principe
2617 912 2904 985 editione
2965 935 3096 985 non
3157 915 3525 985 mutaverat
3588 909 3654 981 V
3697 912 3922 985 littera
3974 910 4180 1006 signi-

547 1051 830 1126 ficarem.
931 1052 1165 1125 deinde
1219 1059 1292 1126 ut
1349 1052 1652 1146 intellegi
1700 1057 1947 1146 posset,
1998 1052 2078 1123 ad
2136 1072 2305 1142 quae
2352 1052 2675 1124 vocabula
2732 1050 2838 1123 vel
2889 1050 2973 1121 ad
3027 1069 3191 1140 quas
3240 1048 3501 1121 litteras
3551 1048 3826 1122 mutatio
3878 1047 4180 1121 lectionis

548 1191 636 1262 ab
690 1210 767 1262 eo
819 1210 906 1263 ex
956 1189 1176 1263 codice
1230 1191 1548 1263 adnotata
1596 1189 1981 1282 pertineret,
2032 1187 2423 1281 ubicumque
2474 1186 2655 1259 illius
2708 1186 3020 1259 lectiones
3071 1185 3397 1259 indicatae
3469 1187 3694 1274 erant,
3766 1184 3967 1259 etiam
4021 1184 4180 1275 quid

547 1329 619 1402 in
675 1324 971 1418 principe
1026 1324 1313 1399 editione
1377 1326 1716 1421 legeretur
1774 1325 2191 1398 indicandum
2254 1326 2427 1414 erat,
2497 1323 2568 1396 in
2633 1345 2760 1417 quo
2828 1325 3114 1395 mutatas
3185 1325 3268 1395 ab
3333 1344 3409 1396 eo
3473 1322 3788 1395 lectiones
3845 1346 3888 1392 v
3956 1321 4184 1395 littera

550 1460 937 1555 significavi.
1042 1482 1254 1554 neque
1317 1465 1535 1536 tamen
1592 1486 1756 1555 opus
1833 1482 1980 1535 esse
2034 1460 2377 1535 videbatur
2437 1460 2667 1534 omnia
2717 1459 3034 1553 principis
3097 1459 3401 1532 editionis
3453 1457 3651 1549 vitia,
3722 1480 3893 1551 quae
3962 1480 4003 1530 a
4055 1460 4180 1531 Po-

550 1596 784 1671 litiano
840 1618 877 1670 e
902 1597 1125 1671 codice
1174 1602 1468 1672 correcta
1519 1601 1728 1688 erant,
1779 1596 2134 1672 memoriae
2181 1600 2455 1690 prodere
2508 1599 2574 1669 et
2623 1597 2949 1689 integram
3002 1594 3508 1687 discrepantiam
3561 1593 3885 1685 editioniS,
3936 1593 4007 1666 in
4057 1614 4188 1685 qua

552 1733 835 1826 plurima
889 1733 1031 1807 sine
1090 1735 1230 1807 ulla
1281 1734 1594 1808 librorum
1656 1734 2047 1808 auctoritate
2115 1733 2386 1806 arbitrio
2439 1732 2709 1806 editoris
2759 1734 3015 1805 mutata
3062 1734 3255 1820 sunt,
3325 1732 3659 1803 adnotare.
3781 1731 4004 1822 itaque
4072 1729 4181 1802 ubi

552 1868 924 1943 Politianus
991 1869 1381 1943 manifestas
1450 1870 1720 1944 editoris
1807 1870 2350 1963 interpolationes
2415 1874 2794 1943 correxerat
2862 1891 3074 1960 neque
3142 1868 3281 1940 ulla
3339 1871 3479 1941 erat
3536 1866 3604 1939 in
3670 1889 3865 1939 manu
3921 1865 4186 1959 scriptis

554 2004 741 2077 libris
801 2005 1245 2097 discrepantia
1291 2005 1686 2098 scripturae,
1756 2006 1988 2080 inutile
2054 2010 2200 2083 erat
2269 2006 2612 2098 corruptas
2666 2004 2973 2097 impressi
3027 2003 3426 2096 exemplaris
3478 2002 3792 2077 lectiones
3846 2024 3990 2076 cum
4048 2022 4188 2074 cor-

562 2141 961 2215 rectionibus
1041 2141 1226 2214 illius
1294 2142 1682 2216 adscribere.
1788 2143 1902 2216 sed
1963 2142 2350 2235 ubicumque
2414 2142 2496 2214 ad
2557 2140 3065 2215 confirmandam
3142 2139 3592 2214 auctoritatem
3646 2142 3951 2232 receptae
3993 2161 4031 2210 a
4082 2160 4188 2211 me

550 2274 855 2348 lectionis
914 2277 1314 2368 pertinebat,
1386 2277 1560 2369 quod
1622 2277 1934 2351 Politiani
2001 2278 2382 2352 testimonio
2439 2277 2535 2351 ita
2587 2276 2903 2369 scriptum
2976 2298 3120 2351 esse
3186 2276 3254 2348 in
3308 2277 3662 2369 archetypo
3718 2277 4000 2365 constat,
4054 2297 4182 2347 non

556 2412 776 2506 piguit
829 2411 1511 2505 scripturam‘codicis
1562 2414 1645 2484 ab
1698 2412 1814 2486 illo
1882 2413 2243 2487 indicatam
2312 2413 2541 2487 addita
2608 2413 2890 2487 lectione
2945 2414 3235 2486 Venetae
3290 2412 3596 2487 editionis
3645 2413 3713 2485 in
3766 2411 4189 2485 adnotatione

555 2550 870 2640 repetere.
965 2569 1142 2638 quae
1207 2569 1248 2619 a
1298 2548 1585 2623 Victorio
1660 2548 1728 2621 in
1794 2549 2342 2643 explicationibus
2408 2572 2493 2622 ex
2562 2549 2782 2623 codice
2853 2549 3167 2622 adnotata
3231 2553 3424 2622 erant
3496 2571 3612 2649 suo
3686 2549 3830 2622 loco
3886 2547 4186 2636 indicavi,

560 2685 945 2775 plerumque
998 2683 1196 2756 etiam
1247 2683 1396 2777 ipsa
1448 2684 1717 2759 Victorii
1770 2687 1989 2773 verba,
2048 2707 2217 2778 quae
2270 2685 2530 2777 quidem
2583 2689 2667 2759 ad
2720 2685 2960 2760 codicis
3010 2685 3356 2759 lectionem
3406 2685 3831 2779 pertinerent,
3886 2683 4184 2778 repetivi.

560 2817 628 2892 in
681 2819 826 2911 ipsa
879 2819 1161 2892 editione
1189 2819 1459 2893 Victorii
1513 2842 1627 2893 eas
1677 2821 2016 2910 lectioneS,
2069 2843 2237 2913 quae
2287 2821 2354 2894 in
2408 2822 2734 2914 exemplis
2784 2826 2939 2895 ante
2992 2844 3137 2895 eum
3191 2822 3532 2914 impressis
3581 2845 3710 2896 non
3745 2821 4187 2910 inveniuntur,

557 2954 849 3046 aliquam
900 2955 1361 3028 auctoritatem
1412 2956 1655 3029 habere
1708 2978 1909 3048 supra
1954 2956 2110 3028 dixi.
2165 2956 2290 3029 has
2341 2957 2548 3051 igitur
2596 2962 2766 3047 tum,
2835 2981 2980 3031 cum
3033 2960 3301 3051 propter
3351 2958 3642 3051 aliquam
3684 2979 3955 3031 causam
4005 2956 4191 3029 dubi-

559 3091 687 3165 tari
760 3092 842 3164 de
913 3091 1042 3165 fide
1094 3092 1406 3166 Politiani
1461 3095 1757 3185 poterat,
1829 3092 2124 3184 adposui.
2231 3081 2349 3165 sed
2400 3092 2713 3167 maiorem
2768 3093 3122 3167 utilitatem
3172 3094 3238 3166 in
3302 3116 3382 3167 ea
3452 3117 3524 3167 re
3575 3095 3983 3187 praebebant
4033 3116 4190 3186 apo-

560 3228 837 3321 grapha.
890 3227 1187 3319 quamvis
1259 3226 1612 3321 diligenter
1682 3228 1855 3300 enim
1889 3228 2260 3301 Politianus
2309 3228 2377 3301 in
2400 3238 2406 3243 ’
2432 3229 2821 3303 excutiendo
2868 3230 3089 3303 codice
3140 3233 3442 3305 versatus
3492 3230 3582 3303 sit
3616 3234 3816 3322 atque
3852 3229 4054 3302 etiam
4107 3231 4190 3302 ad

560 3355 930 3438 levissimas
979 3386 1120 3450 reS,
1194 3385 1361 3455 quae
1418 3364 1573 3436 olim
1626 3363 1694 3434 in
1748 3364 1874 3436 hoc
1925 3364 2193 3455 negotio
2250 3370 2584 3456 tamquam
2657 3366 2923 3439 inutiles
2974 3365 3241 3458 neglegi
3306 3367 3642 3454 solebant,
3712 3384 3932 3436 curam
4003 3385 4191 3437 suam

561 3501 889 3592 pertinere
943 3500 1243 3588 voluerit,
1295 3503 1517 3571 tamen
1566 3500 1777 3571 multa
1832 3498 1916 3570 ab
1979 3520 2056 3569 eo
2106 3499 2573 3589 praetermissa
2625 3520 2838 3592 neque
2891 3523 3037 3573 eam
3091 3500 3532 3593 diligentiam,
3613 3522 3809 3592 quam
3879 3523 4051 3573 nunc
4123 3501 4191 3573 in

562 3635 644 3709 iis
690 3635 910 3724 libris,
964 3656 1005 3705 a
1057 3633 1291 3726 quibus
1343 3634 1552 3707 omnis
1610 3635 1972 3727 scripturae
2027 3633 2188 3707 fides
2238 3634 2510 3725 pendet,
2567 3633 2713 3707 iure
2755 3634 3235 3725 desideramus,
3303 3634 3670 3710 adhibitam
3740 3655 3886 3709 esse
3939 3638 4190 3710 certum

565 3773 684 3845 est.
786 3793 941 3844 nam
1008 3792 1138 3842 non
1210 3768 1421 3840 solum
1477 3791 1557 3843 ea
1611 3791 1779 3862 quae
1829 3769 2096 3843 levioris
2144 3769 2456 3842 momenti
2516 3791 2662 3844 esse
2712 3771 3100 3844 videbantur
3151 3793 3379 3863 parum
3434 3773 3811 3844 constanter
3861 3773 4190 3862 tractavit,

565 3909 744 3981 velut
787 3905 1113 4000 inriyuus
1145 3926 1262 3996 pro
1292 3902 1629 3999 z'rrzyuzcs,
1685 3903 2042 3977 conlibare
2093 3928 2213 3998 pro
2265 3902 2616 3999 collibare,
2670 3904 2917 3978 vilicus
2966 3930 3086 3999 pro
3128 3905 3419 3991 villicus‘,
3474 3904 3697 3978 deicio
3749 3931 3869 4000 pro
3918 3906 4189 3992 deiicz'o,

564 4040 608 4115 h
663 4043 973 4118 omissum
1025 4042 1131 4114 vel
1183 4040 1478 4113 additum
1531 4046 1600 4114 et
1649 4042 1816 4115 talia
1864 4044 2057 4116 modo
2095 4042 2464 4131 adnotavit,
2516 4043 2707 4115 modo
2762 4041 3010 4133 omisit,
3068 4045 3184 4116 sed
3231 4043 3429 4118 etiam
3481 4045 3547 4117 in
3599 4045 3903 4138 graviore
3952 4045 4193 4119 codicis

563 4177 1014 4270 discrepantia
1087 4177 1409 4267 quaedam
1478 4179 1561 4250 ab
1649 4198 1725 4251 eo
1785 4177 2256 4270 praetermissa
2319 4178 2426 4250 vel
2508 4177 2856 4251 lectionem
2931 4179 3240 4253 editionis
3295 4181 3759 4276 neglegentius
3832 4185 4192 4256 correctam

564 4338 712 4391 esse
765 4312 1161 4388 dissentiens
1223 4313 1306 4385 ab
1370 4311 1486 4385 illo
1547 4313 1872 4405 scriptura
1935 4313 2464 4406 apographorum
2516 4315 2888 4406 persuadet.
2995 4336 3081 4387 ex
3124 4314 3231 4387 his
3284 4319 3503 4390 autem
3557 4320 3624 4391 et
3673 4317 4071 4409 antiquitate
4124 4322 4194 4393 et

566 4452 697 4525 fide
763 4450 1128 4542 scripturae
1188 4448 1479 4542 reliquos
1545 4453 1816 4541 superat
1882 4448 2225 4523 Parisinus
2280 4451 2518 4540 codeX,
2592 4449 2777 4524 cuius
2848 4450 3165 4524 lectiones
3241 4449 3312 4522 A
3351 4452 3579 4527 littera
3645 4452 4058 4547 significatae
4128 4458 4195 4530 et

572 4608 767 4679 quam
826 4585 972 4659 fieri
1040 4588 1306 4678 poterat
1357 4585 1876 4677 accuratissime,
1950 4585 2340 4678 ubicumque
2411 4608 2453 4660 a
2504 4589 2771 4680 recepta
2821 4587 3105 4662 lectione
3159 4588 3561 4682 discrepant,
3632 4589 3698 4663 in
3769 4591 4191 4665 adnotatione

567 4722 904 4797 exhibitae
974 4725 1156 4812 sunt,
1228 4724 1302 4793 ut
1372 4720 1564 4793 unius
1637 4721 1875 4795 codicis
1943 4720 2268 4813 scriptura
2336 4722 2532 4814 plane
2606 4722 2867 4816 integra
2934 4747 3252 4817 expressa
3323 4727 3601 4800 extaret.
3708 4750 3794 4801 ex
3835 4727 3918 4801 iis
3969 4730 4190 4801 tamen

568 4882 737 4953 quae
789 4859 1150 4953 posteriore
1205 4879 1406 4930 manu
1446 4861 1737 4931 correcta
1776 4858 1879 4931 vel
1927 4857 2264 4950 adscripta
2314 4862 2489 4947 sunt,
2539 4880 2810 4951 quorum
2864 4861 3050 4933 nulla
3103 4861 3365 4934 omnino
3421 4863 3775 4936 auctoritas
3797 4868 3936 4950 est,
3994 4886 4190 4955 quae-

570 4997 716 5070 dam
778 4996 1018 5070 omissa
1068 4999 1240 5068 sunt.
1346 4997 1549 5068 multo
1623 4993 1929 5068 incertior
1990 4995 2094 5067 est
2152 4993 2318 5067 fides
2388 5016 2612 5068 eorum
2665 4995 2981 5068 librorum
3041 4996 3152 5088 qui
3208 4997 3519 5071 inferiore
3570 5001 3793 5072 aetate
3868 4999 3937 5074 in
3989 5000 4193 5073 Italia

570 5132 796 5226 scripti
845 5136 914 5206 et
978 5132 1395 5205 librariorum
1474 5131 1899 5225 neglegentia
1967 5132 2076 5204 vel
2143 5128 2409 5203 licentia
2475 5131 2769 5224 graviter
2836 5132 3123 5226 corrupti
3195 5136 3363 5207 sunt.
3469 5157 3692 5207 verum
3762 5139 3986 5211 tamen
4062 5161 4190 5230 quo

567 5270 810 5343 certius
860 5271 941 5344 de
995 5268 1319 5360 scriptura
1370 5267 1715 5360 archetypi
1782 5268 2146 5357 constaret,
2213 5288 2333 5358 pro
2392 5267 2651 5342 ratione
2711 5267 2998 5341 instituti
3063 5270 3280 5362 operis
3348 5293 3434 5345 ne
3501 5272 3569 5345 hi
3642 5271 3909 5365 quidem
3977 5275 4190 5348 omitti

569 5408 904 5498 poterant,
960 5403 1486 5497 quandoquidem
1539 5402 1974 5476 dissentiente
2042 5403 2422 5498 apographo
2488 5405 2793 5479 Parisino
2850 5406 2934 5479 ab
3004 5406 3333 5499 excerptis
3395 5407 3739 5496 Politiani,
3800 5411 4190 5503 praesertim

569 5541 789 5635 siquid
837 5542 922 5614 ab
992 5540 1109 5614 illo
1173 5541 1243 5613 in
1312 5539 1609 5633 principe
1678 5539 1964 5614 editione
2033 5543 2390 5614 correctum
2438 5563 2569 5615 non
2624 5547 2794 5633 erat,
2879 5542 3350 5618 recentioribus
3410 5546 3816 5638 apographis
3876 5545 4192 5619 adhibitis

570 5678 1054 5752 diiudicandum
1096 5679 1223 5767 est,
1277 5676 1434 5769 quid
1484 5699 1526 5749 a
1575 5676 1901 5750 Politiano
1954 5676 2490 5768 praetermissum
2541 5680 2646 5752 vel
2699 5677 2916 5751 minus
2964 5677 3319 5773 diligenter
3368 5680 3744 5772 indicatum,
3799 5681 3955 5775 quid
4005 5681 4191 5756 Pari-

572 5815 698 5888 sini
753 5814 991 5889 codicis
1042 5813 1247 5888 errori
1295 5813 1711 5887 tribuendum
1765 5813 1869 5887 sit.
1973 5813 2085 5886 sed
2140 5819 2409 5908 propter
2458 5814 2779 5908 plurimas
2855 5816 3089 5890 horum
3139 5815 3450 5891 librorum
3521 5821 3957 5911 corruptelas,
4026 5840 4193 5911 quas
