5206 6988
2844 480 2888 528 X
2996 523 3002 529 .

1056 680 1307 771 parent.
1379 698 1507 749 non
1564 675 1727 748 nulli
1777 678 1996 748 autem
2071 697 2157 748 ex
2208 675 2317 750 his
2384 675 2715 750 codicibus
2765 680 2905 749 tum
2929 733 2946 766 ,
3019 698 3163 749 cum
3219 679 3406 751 vetus
3449 680 3657 751 codex
3713 679 3877 769 iam,
3948 679 4042 753 sic
4110 684 4183 753 ut
4253 703 4397 753 eum
4451 685 4686 773 postea

1056 813 1430 887 Politianus
1498 816 1565 885 et
1624 811 1954 886 Victorius
2008 811 2371 901 habebant,
2442 812 2510 885 in
2563 813 2695 885 fine
2748 812 3091 887 mutilatus
3145 816 3322 903 erat,
3402 836 3487 887 ex
3556 836 3632 887 eo
3690 815 4001 908 descripti
4067 820 4220 889 sunt
4275 818 4684 909 eundemque

1057 950 1383 1024 desectum
1435 948 1767 1023 exhibent.
1847 947 1995 1038 alii,
2064 947 2130 1020 in
2180 948 2415 1039 quibus
2478 950 2717 1023 tertius
2749 950 3064 1024 Varronis
3115 949 3285 1023 liber
3319 950 3579 1043 integer
3623 952 3923 1042 habetur,
3982 956 4098 1025 aut
4150 975 4233 1026 ex
4287 953 4427 1046 ipso
4457 954 4680 1026 arche-

1061 1089 1240 1179 typo,
1294 1086 1675 1180 priusquam
1729 1085 1918 1159 illum
1977 1084 2300 1159 defectum
2350 1086 2624 1173 tulerat,
2680 1085 2996 1179 descripti
3063 1089 3179 1158 aut
3247 1108 3332 1158 ex
3402 1087 3883 1179 antiquioribus
3949 1088 4236 1164 eiusdem
4299 1089 4446 1163 libri
4527 1111 4682 1181 apo-

1060 1222 1337 1316 graphis
1401 1221 1573 1295 ducti
1649 1226 1820 1294 sunt.
1896 1244 1980 1295 ex
2053 1220 2422 1313 antiquiore
2490 1244 2734 1316 genere
2786 1222 3114 1312 codicum,
3201 1223 3309 1315 qui
3363 1230 3518 1296 ante
3571 1223 3894 1297 defectum
3971 1225 4211 1299 codicis
4278 1225 4505 1317 scripti
4582 1226 4687 1297 vel

1061 1380 1146 1430 ex
1199 1357 1679 1450 antiquioribus
1731 1357 2139 1452 apographis
2193 1357 2368 1431 ducti
2423 1363 2594 1438 sunt,
2649 1358 2847 1432 habui
2902 1359 3064 1432 duos
3131 1359 3612 1434 Laurentianos
3692 1364 3866 1451 51,1
3929 1365 3996 1433 et
4049 1363 4115 1451 2,
4170 1384 4254 1435 ex
4302 1361 4684 1452 recentiore,

1064 1492 1134 1567 in
1194 1518 1319 1587 quo
1372 1500 1529 1567 sunt
1578 1495 1728 1568 libri
1785 1498 2081 1568 extrema
2136 1496 2324 1586 parte
2376 1491 2711 1583 mutilati,
2764 1502 2934 1584 treS,
2991 1497 3417 1569 caesenatem
3492 1498 3596 1570 vel
3645 1498 4177 1571 Malatestianum
4236 1501 4351 1587 24,
4374 1501 4440 1588 2,
4508 1498 4685 1570 Lau·

1067 1630 1434 1704 rentianum
1478 1633 1684 1719 51,4,
1738 1628 2469 1703 AmbrosianumM69.
2525 1652 2562 1702 e
2614 1630 2849 1721 quibus
2902 1631 3051 1720 duo,
3106 1654 3271 1723 quos
3322 1637 3651 1725 postremo
3704 1634 3845 1707 loco
3898 1634 4109 1726 posui,
4164 1636 4340 1708 solos
4377 1634 4690 1707 Varronis

1063 1767 1286 1857 libroS‚
1340 1767 1576 1860 reliqui
1615 1767 1813 1840 etiam
1870 1765 2136 1839 Catonis
2190 1765 2432 1840 librum
2485 1766 2845 1841 continent.
2899 1772 3170 1857 ceteros,
3217 1792 3378 1861 quos
3432 1768 3574 1862 ipse
3626 1769 3756 1842 vidi
3815 1770 3919 1842 vel
3975 1793 4243 1862 quorum
4299 1770 4521 1863 aliqua
4570 1793 4685 1843 no-

1063 1902 1213 1976 titia
1248 1904 1327 1975 ad
1351 1925 1456 1975 me
1484 1904 1798 1996 pervenit,
1828 1927 1958 1977 una
1994 1906 2273 1979 cumbis
2302 1926 2463 1997 quos
2499 1904 2690 1976 modo
2720 1903 2859 1976 dixi
2897 1904 3213 1997 descripsi
3255 1905 3408 1977 olim
3432 1907 3567 1979 obs.
3592 1905 3735 1978 crit.
3764 1905 3831 1978 in
3872 1906 4010 1978 Cat.
4039 1909 4105 1979 et
4130 1907 4315 1978 Varr.
4337 1929 4398 1998 p.
4427 1910 4470 1979 5
4510 1929 4651 1999 sqq.

1265 2038 1780 2131 Antiquissimus
1832 2046 2051 2114 autem
2105 2063 2189 2115 ex
2242 2041 2345 2114 his
2397 2040 2584 2113 libris
2637 2039 2706 2112 in
2758 2039 2960 2112 Italia
3013 2040 3278 2132 scriptis
3331 2047 3434 2113 est
3485 2040 4066 2114 Laurentianus
4120 2045 4288 2123 51‚1
4359 2045 4683 2116 membra-

1062 2195 1309 2248 naceus
1366 2176 1611 2248 formae
1667 2179 2046 2269 quadratae,
2104 2199 2293 2270 quem
2340 2175 2709 2250 Bandinius
2759 2176 2899 2249 cod.
2939 2177 3055 2249 lat.
3089 2174 3245 2249 bibl.
3289 2176 3600 2249 Laurent.
3638 2199 3694 2248 V.
3732 2177 3802 2249 II
3839 2200 3901 2269 p.
3944 2179 4085 2250 525
4142 2180 4375 2270 quarto
4439 2178 4690 2252 decimo

1065 2314 1325 2386 saeculo
1383 2312 1698 2406 scriptum
1752 2336 1899 2387 esse
1958 2314 2138 2401 dicit3
2218 2314 2378 2387 mihi
2443 2313 2700 2387 initium
2754 2311 2963 2404 quinti
3021 2312 3249 2385 decimi
3295 2312 3540 2386 saeculi
3613 2335 3742 2385 non
3797 2334 4111 2404 superare
4162 2314 4505 2387 videbatur
4548 2372 4562 2387 .
4617 2315 4686 2387 in

1061 2446 1146 2520 iis
1196 2470 1363 2539 quae
1413 2453 1643 2542 postea
1696 2451 1761 2523 in
1815 2450 2028 2543 prima
2080 2450 2409 2543 scriptura
2464 2454 2755 2524 correcta
2791 2451 2892 2522 vel
2945 2449 3011 2521 in
3049 2449 3458 2543 marginibus
3503 2450 3836 2541 adscripta
3871 2465 4045 2538 sunt,
4097 2451 4160 2522 id
4193 2453 4367 2542 quod
4400 2451 4688 2524 maxime

1060 2581 1129 2655 in
1181 2584 1392 2677 primo
1448 2586 1759 2659 Varronis
1831 2586 2000 2659 libro
2058 2608 2256 2679 saepe
2309 2587 2557 2661 factum
2615 2590 2748 2674 est,
2820 2606 3081 2657 manum
3143 2585 3397 2658 Nicolai
3453 2585 3699 2658 Niccoli
3755 2586 4237 2678 deprehendere
4291 2586 4453 2658 mihi
4507 2586 4691 2659 visus

1062 2740 1223 2793 suin.
1279 2721 2063 2795 alter-Laurentianus
2103 2726 2281 2807 51,2
2334 2722 2403 2795 in
2442 2722 2838 2796 membranis
2876 2722 3122 2794 formae
3171 2723 3531 2814 quadratae
3582 2724 3925 2816 eleganter
3977 2722 4263 2815 scriptus
4301 2723 4686 2815 plerumque

1060 2856 1381 2930 lectiones
1435 2857 1773 2951 archetypi
1829 2880 1870 2931 a
1905 2859 2233 2933 Politiano
2287 2860 2636 2933 adnotatas
2688 2858 2854 2931 satis
2905 2862 3203 2930 accurate
3241 2878 3593 2948 expressas
3641 2856 3928 2945 exhibet,
3981 2878 4194 2950 neque
4227 2859 4450 2930 tamen
4485 2858 4687 2931 inter-

1063 2992 1507 3085 polationibus
1539 2998 1737 3067 caret.
1841 2995 2024 3068 cuius
2076 2996 2167 3069 rei
2224 2996 2292 3071 in
2331 2995 2598 3069 Catonis
2648 2995 2817 3069 libro
2869 2995 3035 3067 haec
3086 2998 3241 3066 sunt
3277 2995 3602 3085 exempla,
3664 2998 3726 3081 l,
3753 2992 3789 3065 7
3847 2992 3946 3064 sic
4000 2992 4268 3077 dicam]
4319 2993 4420 3065 sic
4454 2992 4688 3065 det-am

1063 3127 1206 3211 tibi,
1263 3132 1306 3201 4
1345 3130 1454 3203 fin.
1492 3129 1783 3202 materie
1818 3130 2290 3234 adiuvabant]
2314 3130 2656 3203 materiae
2690 3129 3172 3208 abundabunt,
3220 3133 3284 3210 5,
3313 3133 3354 3202 4
3413 3128 3637 3212 caret]
3672 3153 3864 3210 cura,
3921 3131 3987 3211 9,
4021 3133 4047 3201 l
4080 3139 4386 3223 propter
4412 3142 4691 3225 amnes]

1052 3289 1293 3361 prope
1317 3290 1578 3348 amne-3,
1632 3267 1748 3348 18,
1778 3267 1823 3339 4
1843 3263 2084 3361 jacito
2125 3264 2287 3370 siet]
2321 3265 2560 3361 jacito
2610 3265 2721 3341 uti
2765 3264 2912 3357 siet,
2976 3266 3148 3347 33,1
3215 3264 3488 3335 vineam
3544 3263 3649 3335 sic
3697 3263 3926 3357 facim
3982 3274 4055 3334 ut
4107 3262 4422 3347 curetur]
4477 3288 4687 3335 mneo-

1063 3410 1139 3469 αἱ
1190 3410 1471 3471 curetur
1522 3398 1621 3470 sic
1638 3399 1897 3494 jacite,
1953 3403 2047 3474 34
2096 3399 2568 3494 postremum]
2607 3410 2994 3496 posti-eme,
3056 3403 3138 3472 51
3197 3397 3622 3494 propayarz'
3651 3397 4000 3494 eoez'mz‘que
4051 3396 4361 3497 serique]
4401 3423 4686 3493 propa-

1055 3533 1234 3631 qam·
1279 3534 1629 3631 eaez‘mique
1663 3559 1748 3607 ac
1781 3534 1941 3618 seri,
1999 3539 2168 3625 65,1
2231 3533 2301 3605 si
2343 3533 2724 3629 inquinata
2778 3532 2944 3633 em't]
2988 3532 3056 3604 si
3101 3532 3482 3629 inquinata
3529 3533 3771 3627 faerit,
3830 3537 3922 3606 66
3977 3535 4063 3607 in.
4089 3532 4486 3637 sustuleris]
4528 3534 4691 3606 sub-

1065 3670 1393 3752 traaeem's,
1458 3672 1593 3745 102
1636 3668 1922 3751 medici]
1964 3667 2229 3765 qraecz‘.
2303 3668 2371 3741 in
2425 3670 2849 3743 Caesenate
2900 3669 3139 3758 codice,
3193 3669 3304 3760 qui
3348 3672 3451 3741 est
3485 3670 4015 3743 membranaceus
4051 3669 4301 3744 formae
4339 3671 4688 3760 maximae,

1066 3808 1332 3882 Catonis
1392 3812 1458 3880 et
1510 3807 1828 3880 Varronis
1877 3806 2025 3881 libri
2070 3808 2223 3899 post
2256 3805 2686 3880 Columellam
2743 3806 2968 3899 scripti
3019 3811 3189 3879 sunt.
3295 3808 3413 3880 sed
3461 3807 3527 3879 in
3578 3806 3775 3880 tertio
3810 3808 4124 3882 Varronis
4175 3809 4340 3882 libro
4395 3813 4690 3883 extrema

1062 3968 1255 4040 pars,
1333 3967 1529 4037 quam
1581 3944 1649 4017 in
1696 3943 2029 4017 Marciano
2101 3943 2318 4015 codice
2396 3942 2655 4015 defectu
2722 3943 3242 4015 membranarum
3312 3944 3595 4016 deletam
3647 3943 3855 4016 fuisse
3902 3944 4232 4018 Politiano
4285 3952 4351 4018 et
4403 3945 4696 4018 Victorio

1063 4082 1437 4155 auctoribus
1488 4081 1750 4168 scimus,
1824 4081 1978 4154 olim
2032 4078 2278 4171 scripta
2330 4100 2457 4151 non
2506 4082 2668 4151 erat.
2739 4099 2888 4150 nain
2942 4077 3221 4170 primum
3269 4077 3334 4149 in
3389 4079 3605 4152 verbis
3652 4079 3757 4151 III
3818 4077 3930 4167 17,
3955 4081 3999 4151 4
4056 4078 4436 4150 tubicinant
4477 4105 4691 4176 qrae-

1063 4242 1216 4288 cum
1269 4217 1589 4290 scribendi
1642 4217 1836 4289 finem
1892 4217 2138 4288 fecerat
2187 4213 2522 4303 librariuS,
2599 4216 2831 4306 postea
2898 4214 3158 4287 diversa
3221 4216 3487 4306 paulum
3542 4237 3582 4287 a
3640 4215 4085 4308 superioribus
4146 4215 4472 4308 scriptura
4531 4239 4691 4290 usus

1062 4375 1143 4428 ea
1199 4374 1369 4445 quae
1437 4356 1690 4426 restant
1757 4351 2025 4425 addidit.
2088 4352 2429 4444 praeterea
2511 4350 2580 4421 in
2652 4349 2733 4423 iis
2806 4371 2976 4442 quae
3043 4351 3340 4443 proxime
3386 4351 3811 4440 antecedunt,
3882 4352 3988 4423 ubi
4058 4351 4381 4444 scriptura
4450 4352 4694 4425 veteris

1062 4490 1304 4563 codicis
1371 4512 1505 4562 una
1577 4511 1725 4563 cum
1800 4489 1915 4561 illo
1962 4489 2481 4561 membranarum
2561 4486 2819 4559 defectu
2886 4487 3108 4560 deleta
3183 4489 3288 4560 vel
3350 4487 3726 4560 oblitterata
3788 4496 3958 4577 erat,
4028 4489 4300 4560 lacunae
4373 4488 4692 4580 quaedam

1060 4626 1331 4699 relictae
1365 4627 1538 4699 sunt.
1604 4624 1908 4698 similiter
1973 4624 2040 4697 in
2111 4623 2327 4716 priore,
2373 4622 2614 4696 codicis
2680 4629 2909 4715 parte,
2976 4622 3086 4698 ubi
3167 4623 3492 4716 scriptura
3557 4624 3897 4717 archetypi
3945 4647 4074 4698 non
4128 4623 4292 4697 satis
4344 4629 4519 4697 certo
4572 4626 4689 4697 ad-

1062 4763 1361 4856 parebat,
1412 4761 1661 4834 relictis
1721 4761 1976 4834 lacunis
2024 4781 2383 4853 paucarum
2435 4759 2806 4832 litterarum
2859 4758 3125 4851 saepius
3178 4759 3472 4832 defectus
3522 4760 3849 4833 indicatus
3903 4763 4021 4833 est.
4109 4760 4274 4832 haec
4308 4759 4512 4853 igitur
4540 4781 4686 4832 cum

1061 4919 1145 4972 ex
1193 4897 1340 4990 ipso
1393 4900 1620 4971 vetere
1670 4896 1889 4971 codice
1942 4895 2397 4989 apographum
2451 4895 2700 4968 factmu
2759 4917 2906 4968 esse
2958 4896 3191 4968 testari
3240 4896 3614 4984 videantur,
3667 4901 3807 4968 tum
3859 4896 4144 4988 plurima
4198 4900 4355 4970 sunt
4407 4897 4687 4989 scriptu-

1058 5056 1175 5108 rae
1222 5034 1404 5124 vitia,
1466 5034 1699 5127 quibus
1748 5034 1816 5106 in
1870 5032 2295 5107 describendo
2349 5032 2705 5124 archetypo
2760 5031 3071 5105 librarius
3119 5033 3347 5124 lapsus
3399 5037 3521 5106 est.
3573 5032 3940 5105 accuratius
3994 5053 4148 5106 vero
4215 5053 4411 5124 quam
4464 5033 4533 5106 in
4579 5033 4690 5106 his

1061 5169 1360 5243 omnibus
1411 5170 1621 5260 libris,
1675 5172 1756 5242 de
1810 5168 2044 5260 quibus
2085 5171 2275 5242 modo
2331 5168 2491 5257 dixi,
2545 5167 2612 5239 in
2664 5166 2978 5240 Varronis
3029 5168 3217 5240 libris
3266 5173 3454 5240 vetus
3506 5168 3832 5261 scriptura
3884 5189 4202 5260 expressa
4252 5173 4352 5241 est
4406 5168 4471 5241 in
4510 5169 4687 5241 Lau-

1059 5306 1364 5381 rentiano
1419 5310 1537 5396 51,
1560 5308 1628 5395 4,
1684 5325 1957 5397 quocum
2007 5306 2394 5397 plerumque
2445 5304 2919 5377 Ambrosianus
2970 5303 3313 5376 consentit.

1262 5444 1448 5516 Haec
1519 5462 1689 5535 quae
1761 5441 1898 5515 dixi
1944 5441 2429 5535 praemittenda
2482 5439 2739 5533 putavi,
2800 5445 2875 5512 ut
2941 5438 3178 5530 quibus
3241 5437 3604 5511 rationibus
3670 5437 3752 5510 ad
3815 5437 4288 5511 restituendam
4347 5439 4687 5532 archetypi

1060 5579 1406 5654 lectionem
1458 5579 1525 5652 in
1577 5577 1861 5653 editione
1913 5578 2178 5652 Catonis
2230 5599 2392 5651 usus
2446 5598 2659 5650 essem
2715 5575 3136 5668 explicarem.
3243 5575 3464 5664 itaque
3517 5595 3662 5646 cum
3715 5576 3852 5646 tres
3908 5573 4120 5666 parati
4175 5576 4396 5645 essent
4449 5574 4692 5663 fonteS,

1059 5737 1145 5789 ex
1202 5714 1435 5808 quibus
1478 5714 1713 5789 notitia
1764 5714 2008 5788 veteris
2060 5714 2426 5807 scripturae
2474 5712 2835 5785 haurienda
2887 5716 3083 5799 esset,
3137 5714 3451 5802 excerpta
3501 5709 3846 5798 Politiani,
3899 5709 4096 5783 editio
4149 5708 4450 5799 Victorii,
4527 5731 4689 5802 apo-

1056 5851 1316 5947 grapha
1363 5873 1448 5925 ex
1500 5851 1856 5944 archetypo
1902 5849 2255 5943 descripta,
2314 5849 2566 5942 primus
2618 5850 2801 5922 locus
2843 5846 3021 5920 haud
3073 5845 3267 5920 dubie
3323 5845 3707 5919 tribuendus
3759 5859 3900 5919 erat
3929 5843 4242 5918 Politiani
4278 5844 4682 5919 testimonio.
