5206 6988
2723 362 2844 411 vlu

940 578 1141 637 sture
1174 557 1545 630 met-muros
1574 583 1715 625 rem
1777 582 2069 651 ‹geter-ere
2106 555 2255 626 nisi
2301 566 2447 627 tam
2490 553 2975 650 periculosum
3027 555 3137 628 sit.
3223 557 3318 628 Et
3367 555 3532 627 item,
3569 557 3921 653 fenerari
3965 557 4036 629 si
4067 565 4216 629 tam
4241 555 4602 630 honestum

940 699 1039 771 sit
1094 693 1290 766 XVI
1338 691 1654 764 Maiores
1708 689 1945 759 nostri
1984 688 2085 759 sic
2136 687 2546 760 habuerunt
2603 701 2668 761 et
2710 689 2815 761 ita
2865 691 2943 762 in
2996 690 3256 787 leyz’bus
3306 691 3389 763 X
3403 689 3551 762 VII
3588 691 4023 787 positam-unt
4065 717 4213 786 sqq.
4336 694 4601 768 Catonis

942 838 1119 910 liber
1200 829 1529 904 distinctis
1604 827 1984 898 intermisso
2069 826 2288 917 spatio
2376 826 2699 918 capitulis
2768 830 2837 902 et
2897 829 3218 921 adpositis
3287 833 3357 901 in
3426 829 3730 923 margine
3801 830 4099 903 numeris
4169 829 4600 922 capitulorum

943 970 1239 1060 scriptus
1304 976 1423 1038 est.
1505 962 1805 1035 rubricae
1896 961 2035 1033 suis
2106 960 2292 1050 lociS,
2379 962 2490 1034 ubi
2564 962 2855 1053 spatium
2912 962 3233 1054 scriptura
3307 983 3581 1035 vacuum
3660 962 3802 1036 eius
3865 963 3960 1036 rei
4030 985 4232 1036 causa
4303 964 4602 1038 relictum

952 1118 1135 1180 orat.
1180 1110 1412 1194 postea
1457 1098 1681 1170 eadem
1737 1118 1935 1168 manu
1987 1097 2256 1168 additae
2315 1101 2502 1186 sunt,
2571 1098 2952 1190 praeposita
3005 1099 3073 1170 in
3123 1098 3335 1191 prima
3397 1102 3591 1190 parte
3645 1063 3801 1172 litiri
3866 1100 4093 1172 littera
4127 1096 4243 1180 R,
4313 1122 4479 1192 quae
4535 1101 4603 1172 in

948 1238 1318 1336 posteriore
1406 1240 1592 1326 parte
1678 1232 2067 1325 plerumque
2139 1233 2385 1306 omissa
2474 1240 2600 1306 est.
2717 1237 2870 1326 post
2935 1234 3249 1307 Catonem
3334 1235 3866 1308 libri·Varr0nis
3947 1236 4172 1328 scripti
4255 1241 4409 1310 sunt
4484 1236 4602 1327 ita,

948 1379 1000 1451 f.
1059 1377 1149 1446 22
1174 1395 1233 1443 v.
1340 1366 1443 1440 Μ.
1500 1364 1958 1440 CATONIS
2008 1366 2158 1438 DE
2202 1365 2540 1441 AGRIC
2553 1368 2758 1441 VLT
2770 1368 2827 1440 V
2822 1368 2965 1441 BA
3021 1368 3096 1441 F
3093 1368 3438 1442 XPLIcz't
3477 1367 3792 1465 feliciter
3853 1369 3864 1470 l
3937 1369 4286 1443 Varronis
4334 1371 4604 1446 Rerum

948 1505 1417 1587 „It'usticm-nm
1487 1502 1573 1573 dc
1643 1500 2087 1595 aym’cultura
2157 1500 2331 1573 liber
2396 1503 2404 1601 Ι
2484 1502 2534 1575 Ι
2598 1504 2850 1601 incipit
2920 1503 3226 1600 feliciter
3311 1549 3399 1561 -—
3476 1504 3611 1578 hoc
3677 1532 3880 1602 quem
3969 1506 4274 1601 emposuz'
4344 1505 4605 1584 habito.

954 1643 1065 1719 M.
1134 1638 1483 1710 Varronis
1561 1635 1832 1708 Rerum.
1911 1636 1984 1707 R
2004 1635 2445 1710 VSTICAR
2462 1638 2619 1710 VM
2678 1639 2884 1712 LIB.
2947 1639 3103 1712 III.
3168 1640 3692 1715 EXPLICIT.
3779 1647 3793 1737 Ι
3894 1640 4135 1714 Fz’m'to
4223 1640 4353 1713 boc
4424 1640 4604 1713 libro

945 1775 1235 1878 qratia-s
1314 1770 1723 1869 Referimus
1804 1775 2003 1849 ‘XPO‘
2065 1828 2080 1844 .
2135 1771 2389 1844 Amen.
2475 1773 2485 1870 Ι
2579 1774 2780 1848 Sicut
2854 1776 3244 1872 nam'qanti
3321 1775 3547 1847 dulcis
3613 1787 3724 1848 est·
3781 1788 4044 1880 portus
4101 1777 4205 1848 ita
4270 1775 4614 1872 scriptori

955 1908 1390 1988 nouissimus
1439 1907 1718 1979 Versus.
1812 1909 1901 1982 ibi
1961 1930 2217 2002 quoque
2271 1910 2485 2001 primo
2538 1912 2709 1987 libro
2760 1914 2963 1986 index
2996 1914 3448 2006 capitulorum
3502 1914 3949 2007 praescriptus
4004 1918 4125 2003 est,
4184 1936 4312 1987 non
4364 1913 4607 1987 additis

957 2058 1213 2133 tamen,
1286 2044 1457 2117 sicut
1510 2044 1578 2116 in
1618 2044 1892 2119 Catonis
1940 2046 2131 2135 libro,
2186 2046 2494 2121 numeris.
2568 2070 2786 2140 neque
2838 2049 2901 2121 in
2965 2049 3111 2141 ipso
3167 2049 3335 2122 libro
3393 2050 3687 2123 rubricae
3740 2050 4063 2142 repetitae
4116 2051 4217 2122 vel
4269 2048 4606 2123 distinctio

960 2181 1398 2275 capitulorum
1466 2180 1643 2253 sacta
1705 2184 1837 2271 est,
1899 2184 2014 2255 sed
2069 2183 2288 2256 omnia
2356 2184 2666 2257 continuo
2717 2184 2964 2277 scripta
3018 2192 3197 2258 sunt:
3250 2207 3479 2278 pauca,
3535 2208 3702 2278 quae
3752 2188 3840 2258 ad
3882 2188 4337 2279 argumentum
4390 2206 4607 2259 rerum

964 2338 1135 2413 qime
1204 2318 1577 2388 tractantur
1650 2316 2067 2390 indicandum
2122 2320 2228 2392 vel
2280 2319 2365 2391 ad
2417 2319 2904 2395 distinctionem
2960 2322 3248 2413 partium
3302 2322 3797 2415 significandam
3860 2322 4221 2413 pertinent,
4295 2321 4362 2393 in
4435 2341 4608 2392 mar-

962 2453 1233 2551 ginibus
1303 2437 1623 2526 adnotata
1692 2463 1863 2527 sunt.
1970 2456 2198 2528 eadem
2270 2460 2374 2529 est
2441 2456 2611 2530 ratio
2664 2458 2933 2530 secundi
2990 2463 3057 2530 et
3103 2458 3285 2531 tertii
3333 2458 3524 2547 libri,
3604 2457 3840 2550 quibus
3903 2457 4105 2529 index
4172 2455 4607 2548 capitulorum

968 2587 1420 2688 praescriptus
1478 2612 1609 2662 non
1662 2596 1784 2663 est.
1898 2590 1964 2662 in
2020 2592 2236 2685 prima
2274 2592 2601 2685 scriptura
2652 2594 2861 2665 multa
2911 2594 3142 2665 eadem
3179 2615 3376 2665 manu
3427 2598 3720 2667 correcta
3771 2596 3926 2664 sunt
3976 2591 4219 2664 litteris
4253 2591 4356 2664 vel
4395 2590 4610 2665 verbis

973 2746 1140 2821 quae
1197 2728 1396 2797 antea
1452 2725 1693 2799 omissa
1745 2730 1936 2800 erant
1991 2728 2457 2821 superscriptis
2510 2731 2615 2801 vel
2674 2729 2740 2800 in
2793 2730 3090 2822 margine
3142 2729 3406 2802 additis.
3502 2735 3702 2821 atque
3770 2730 3935 2801 haec
3996 2728 4265 2820 quidem.
4309 2732 4384 2799 ut
4436 2727 4608 2799 eius-

972 2867 1120 2937 dem
1173 2859 1427 2933 librarii
1481 2884 1745 2934 manum
1804 2865 2128 2953 referunt,
2198 2864 2296 2937 ita
2353 2866 2530 2937 haud
2586 2866 2783 2938 dubie
2851 2889 2935 2938 ex
3009 2868 3236 2940 eodem
3303 2866 3688 2959 archetype,
3777 2867 3946 2957 quod
4016 2864 4327 2937 librarius
4397 2864 4608 2939 denuo

974 2995 1333 3074 contulisse
1384 3020 1529 3070 cum
1584 2998 1798 3090 prima
1851 2999 2177 3092 scriptura
2226 3000 2512 3091 videtur,
2558 3002 2769 3092 petita
2841 3009 3013 3075 sunt.
3114 3004 3196 3074 ab
3257 3002 3339 3074 iis
3393 3002 3652 3076 diversa
3713 3005 3864 3073 sunt
3923 3000 4089 3089 alia,
4160 3021 4327 3091 quae
4399 3001 4608 3074 multo

974 3132 1339 3210 recentiore
1391 3139 1691 3227 tempore
1744 3137 1850 3210 vel
1902 3137 1967 3209 in
2022 3136 2186 3229 ipsis
2239 3137 2453 3211 verbis
2506 3142 2795 3210 correcta
2842 3139 2946 3213 vel
2998 3139 3066 3211 in
3134 3139 3539 3233 marginibus
3592 3137 3925 3228 adscripta
3978 3140 4162 3223 sunt,
4227 3156 4394 3227 quae
4446 3134 4609 3208 mihi

979 3270 1207 3365 quinto
1261 3270 1509 3343 decimo
1564 3272 1828 3347 saeculo
1880 3295 2008 3346 non
2067 3274 2442 3365 antiquiora
2493 3294 2640 3346 esse
2695 3273 3099 3347 videbantur.

1183 3408 1325 3478 Iam
1378 3430 1531 3479 vero
1580 3431 1665 3479 ex
1718 3411 2075 3502 archetypo
2129 3411 2367 3494 codice,
2417 3431 2609 3500 quem
2661 3410 3034 3482 Politianus
3101 3413 3167 3482 et
3218 3410 3546 3483 Victorius
3591 3412 4089 3500 usurpaverunt,
4144 3408 4444 3480 accurate
4500 3407 4612 3481 de-

981 3543 1298 3636 scriptum
1327 3566 1473 3618 esse
1510 3544 1890 3617 Parisinum
1926 3566 2282 3618 consensus
2335 3545 2522 3616 docet
2573 3543 3001 3636 plurima-rum
3057 3543 3430 3633 lectionum,
3489 3566 3653 3636 quas
3709 3543 3809 3616 illi
3872 3565 3956 3616 ex
4006 3543 4339 3616 Marciano
4392 3544 4614 3618 codice

982 3680 1369 3756 attulerunt.
1438 3702 1589 3752 nam
1655 3681 1913 3754 etiamsi
1984 3682 2051 3753 in
2108 3680 2275 3753 libro
2342 3680 2651 3753 mendose
2711 3681 2955 3771 scripto
3008 3681 3216 3752 multa
3267 3679 3697 3754 inveniuntur
3764 3681 4127 3772 scripturae
4181 3680 4369 3770 vitia,
4443 3702 4610 3772 quae

982 3818 1338 3910 archetypo
1388 3817 1589 3889 tribui
1644 3821 1998 3910 nequeunt,
2044 3820 2265 3890 tamen
2321 3817 2533 3890 sciens
2584 3815 2753 3888 nihil
2809 3815 3072 3888 omnino
3135 3815 3444 3888 librarius
3495 3815 3802 3904 mutavit,
3874 3817 3989 3889 sed
4042 3837 4186 3888 cum
4259 3818 4327 3888 et
4393 3838 4611 3890 rerum

985 3957 1053 4026 et
1115 3955 1458 4026 verborum
1530 3975 1699 4046 quae
1769 3953 2178 4027 describebat
2255 3976 2486 4046 parum
2565 3953 2964 4046 intellegens
3026 3954 3228 4040 esset,
3295 3972 3494 4042 saepe
3553 3950 3929 4045 ignorantia
4004 3953 4106 4023 vel
4185 3952 4613 4045 neglegentia

986 4092 1219 4182 lapsus
1271 4091 1406 4179 est,
1471 4091 1756 4162 ceterum
1822 4111 1902 4162 ea
1979 4111 2146 4182 quae
2208 4088 2452 4182 scripta
2506 4088 2757 4162 invenit
2819 4089 2884 4159 in
2945 4110 3130 4161 suum
3208 4089 3580 4178 exemplum·
3644 4110 3774 4179 qua
3829 4086 4118 4159 maxima
4170 4091 4432 4179 poterat
4484 4087 4612 4161 fide

986 4226 1347 4299 transtulit.
1393 4231 1591 4318 atque
1647 4225 1849 4298 etiam
1916 4247 2083 4318 quae
2136 4226 2201 4298 in
2266 4225 2567 4318 margine
2625 4224 2868 4298 veteris
2903 4223 3140 4297 codicis
3190 4223 3524 4316 adscripta
3575 4224 3679 4295 vel
3717 4226 4004 4296 correcta
4048 4225 4239 4296 erant
4288 4223 4612 4315 repetivit.

987 4364 1173 4435 cuius
1245 4362 1343 4435 rei
1407 4365 1710 4455 exempla
1780 4385 1863 4436 ex
1931 4364 2185 4436 duobus
2257 4362 2525 4435 Catonis
2597 4360 2761 4433 locis
2836 4361 3225 4452 deprompta
3275 4359 3653 4431 adscribere
3704 4357 4008 4430 sufficiat.
4059 4379 4096 4431 c
4131 4416 4149 4431 .
4187 4357 4614 4432 9500122702·

992 4497 1191 4569 volus
1252 4523 1400 4568 non
1452 4508 1819 4569 nascetur.-
1873 4499 1961 4571 ‘in
2039 4497 2340 4592 margine
2415 4495 2645 4588 optimi
2702 4495 3102 4587 exemplaris
3154 4496 3381 4569 eadem
3433 4516 3634 4565 manu
3704 4515 3835 4585 qua
3894 4494 4063 4566 liber
4124 4497 4437 4567 exaratus
4491 4495 4609 4568 est‘

990 4633 1262 4706 nocebit
1354 4634 1760 4726 adscriptum
1859 4656 2007 4709 esse
2099 4632 2428 4717 Victorius
2525 4631 2895 4710 adnotavit.
3071 4641 3401 4702 nascetur
3481 4628 3927 4722 superscripto
4027 4629 4299 4701 nocebit
4416 4631 4615 4704 habet

989 4770 1336 4844 Parisinus
1418 4772 1625 4845 codex
1697 4827 1712 4843 .
1782 4753 1837 4843 c.
1921 4772 2056 4841 112
2138 4777 2281 4839 tum
2349 4764 2606 4837 sumito
2689 4792 2958 4862 aquam
3049 4764 3411 4836 marinam
3491 4791 3536 4861 q
3613 4820 3629 4837 .
3701 4790 3737 4835 s
3791 4815 3808 4835 .
3877 4790 3912 4835 3
3980 4818 3997 4835 .
4052 4789 4112 4846 e,
4195 4762 4269 4836 ire
4347 4764 4614 4838 dolium

992 4906 1689 5004 qzaz‘nqnaycnm·z‘eem
1788 4903 2154 5001 z'njcmdz'to
2233 4928 2470 4998 aquae
2535 4900 2865 5005 marinae
2962 4898 3046 4990 Q.
3130 4897 3225 4971 X.
3310 4911 3455 4971 tecm
3559 4899 3774 4972 acina
3863 4900 3950 4971 de
4048 4898 4206 4971 uvis
4281 4899 4614 4973 '‘mi-scellis

994 5043 1368 5138 dccavpz'to
1448 5042 1534 5114 de
1610 5041 1964 5138 scopz’one.
2038 5042 2102 5114 in
2182 5039 2481 5133 margine
2542 5038 2825 5131 primum
2885 5040 2966 5110 a'd
3038 5037 3101 5126 Q
3164 5091 3180 5107 .
3243 5035 3329 5106 X
3378 5036 3782 5129 adscriptum
3870 5039 4015 5110 erat
4081 5035 4614 5132 quadrantalia.

996 5201 1391 5272 quamquam
1455 5180 1615 5252 illud
1672 5181 1901 5271 aperto
1957 5199 2176 5251 errore
2234 5177 2317 5248 ad
2364 5201 2408 5270 q
2446 5230 2460 5246 .
2499 5199 2535 5244 3
2572 5229 2588 5246 .
2626 5197 2661 5244 3
2699 5228 2715 5245 .
2755 5199 2790 5244 e
2847 5174 2922 5263 (h
2960 5230 2975 5245 .
3012 5195 3050 5246 e
3085 5229 3100 5246 .
3137 5196 3319 5265 quae
3376 5195 3604 5266 supra
3662 5169 3935 5265 scm'pta
4001 5178 4214 5262 smzt)
4274 5172 4614 5246 adnotavit

994 5315 1398 5401 Politianus;
1469 5316 1704 5389 deinde
1751 5337 1870 5408 pro
1924 5314 2010 5384 de
2061 5311 2302 5408 seopz‘o
2355 5310 2729 5385 auctoribus
2781 5309 3109 5383 Politiano
3183 5317 3251 5381 et
3315 5308 3603 5381 Victorio
3673 5314 4034 5388 correctum
4095 5307 4181 5377 de
4256 5307 4612 5404 scopz'one.

995 5460 1344 5546 utrumque
1406 5451 1473 5524 in
1542 5452 1842 5546 margine
1888 5450 2170 5525 Parisini
2225 5448 2463 5522 codicis
2515 5447 2915 5540 adscriptum
2974 5452 3095 5519 est.
3167 5445 3327 5518 item
3369 5446 3568 5537 paulo
3620 5449 3769 5537 post
3817 5439 3902 5512 id
3948 5441 4187 5513 vinum
4226 5441 4508 5513 condito
4533 5439 4614 5513 in

997 5588 1191 5662 dolia
1245 5587 1443 5660 lauta
1490 5614 1687 5683 pura
1736 5597 1796 5658 et
1841 5584 2045 5668 sicca,
2099 5583 2209 5657 ubi
2262 5585 2343 5656 ad
2403 5606 2460 5656 V.
2509 5607 2708 5677 pura
2746 5581 2817 5653 in
2867 5580 3168 5675 margine
3218 5579 3619 5671 adscriptum
3679 5579 3886 5652 fuisse
3935 5589 4188 5656 carata
4244 5577 4613 5652 Politianus

986 5731 1063 5799 =et
1116 5726 1446 5800 Victon’us
1496 5728 1844 5814 testantur,
1898 5722 2069 5797 idem
2116 5723 2496 5796 vocabulum
2550 5743 2590 5792 a
2635 5743 2692 5793 v.
2737 5716 2936 5790 lauta
2986 5715 3388 5809 adscriptum
3443 5718 3544 5789 est
3590 5716 3660 5787 in
3695 5714 3997 5809 margine
4031 5713 4316 5787 Parisini
4361 5715 4532 5789 libri.
4587 5785 4590 5786 ⁷
