5206 6988
2412 490 2456 536 V

629 686 914 777 litteraS,
967 689 1051 759 ad
1101 709 1267 780 quas
1318 686 1763 779 discrepantia
1802 685 2167 778 scripturae
2201 685 2595 778 pertinebat,
2648 685 2712 757 in
2751 686 2925 759 edito
2963 686 3324 778 exemplari
3368 687 3689 760 subducta
3726 686 3971 760 lineola
4005 687 4261 761 notavit

626 824 700 895 'et
749 823 922 914 quod
973 844 1092 915 pro
1159 823 1265 895 his
1334 823 1402 894 in
1456 845 1651 895 manu
1704 822 1948 915 scripto
2002 822 2168 894 libro
2237 821 2583 915 legebatur
2652 822 3135 915 superscripsit.
3203 822 3418 914 siquid
3479 822 3544 894 in
3610 823 3893 896 editione
3962 824 4257 896 additum

632 957 1034 1049 inveniebat,
1106 961 1279 1051 quod
1337 959 1405 1031 in
1460 959 1677 1032 codice
1743 982 1873 1030 non
1927 959 2300 1051 legebatur,
2367 958 2524 1029 item
2577 959 2896 1031 subducta
2970 958 3146 1031 linea
3219 959 3486 1031 notavit.
3554 964 3711 1048 tum,
3778 980 3925 1031 cum
3993 959 4257 1052 gravior

633 1098 779 1167 erat
828 1095 1301 1188 discrepantia,
1380 1095 1704 1189 integra-m
1764 1094 2006 1168 codicis
2057 1094 2405 1167 lectionem
2475 1094 2538 1165 in
2594 1093 2895 1186 margine
2956 1093 3305 1187 adscripsit
3381 1098 3449 1167 et
3511 1117 3637 1186 quo
3711 1094 3831 1166 illa
3900 1096 4260 1187 pertineret

632 1230 846 1324 signis
902 1231 1287 1323 quibusdam
1357 1232 1599 1304 additis
1650 1230 1979 1305 indicavit.
2035 1231 2100 1303 in
2153 1231 2274 1303 hoc
2326 1229 2532 1323 igitur
2580 1230 2937 1302 adnotandi
2973 1230 3239 1323 negotio
3290 1231 3616 1303 interdum
3652 1231 3867 1303 minus
3903 1231 4259 1327 diligenter

631 1387 768 1439 rem
824 1366 1054 1460 gessit,
1091 1390 1235 1440 cum
1292 1389 1369 1440 ea
1424 1390 1592 1461 quae
1646 1389 1728 1441 ex
1782 1388 1981 1440 manu
2037 1366 2283 1459 scripto
2335 1367 2501 1438 libro
2558 1366 2764 1439 deleri
2799 1368 2902 1439 vel
2948 1367 3188 1439 mutari
3242 1369 3501 1442 volebat
3551 1391 3678 1442 non
3724 1371 3922 1461 plane
3954 1375 4258 1442 accurate

630 1502 1037 1595 significaret
1086 1526 1296 1595 neque
1351 1503 1568 1576 omnia
1597 1525 1787 1596 -quae
1841 1503 1907 1575 in
1960 1526 2090 1575 uno
2144 1503 2453 1574 vocabulo
2506 1502 2703 1573 aliter
2751 1501 3001 1594 scripta
3060 1503 3311 1576 invenit
3384 1508 3696 1593 mutaret,
3767 1506 3882 1578 sed
3935 1507 4258 1597 quaedam

630 1640 719 1709 ad
769 1638 964 1711 fidem
1015 1639 1257 1711 codicis
1319 1640 1705 1733 corrigeret,
1767 1639 1901 1711 alia
1962 1638 2085 1728 sic,
2145 1645 2220 1710 ut
2280 1638 2346 1709 in
2413 1638 2698 1711 editione
2767 1637 3215 1729 habebantur,
3270 1640 3688 1733 relinqueret.
3775 1641 4257 1734 inscriptioneS,
4363 1699 4369 1708 .

635 1774 871 1866 quibus
924 1776 1214 1868 capitula
1262 1776 1574 1850 librorum
1631 1776 1694 1848 in
1753 1775 2047 1868 principe
2100 1774 2382 1847 editione
2425 1773 2736 1847 distincta
2790 1778 2961 1855 sunt,
3017 1775 3082 1847 in
3125 1776 3394 1849 Catonis
3444 1777 3608 1849 libro
3660 1777 3774 1866 ita,
3829 1778 4002 1849 utin
4037 1778 4256 1850 codice

632 1932 747 1983 eas
799 1911 1082 2005 scriptas
1130 1913 1502 2003 invenerat,
1555 1913 1871 2001 correxit,
1926 1934 2229 1985 numeros
2290 1912 2374 1984 ab
2426 1911 2675 1983 editore
2728 1911 2985 1984 additos
3035 1912 3299 1984 delevi-t.
3373 1912 3441 1984 iu
3495 1913 3578 1985 iis
3627 1914 3816 2003 locis,
3877 1914 3945 1986 in
4019 1915 4255 2006 quibus

628 2045 926 2140 integras
989 2048 1450 2140 inscriptiones
1504 2071 1588 2121 ex
1637 2048 1859 2122 codice
1913 2048 2272 2140 descriptas
2325 2046 2647 2137 exhibuit,
2702 2048 3084 2139 plerumque
3147 2048 3517 2140 anteposita
3561 2048 3633 2119 Ie
3691 2049 3917 2122 littera
3969 2049 4256 2122 rubrica-

628 2203 774 2254 rum
826 2185 969 2257 loco
1034 2207 1145 2257 eas
1205 2185 1546 2258 habendas
1613 2208 1759 2258 esse
1798 2183 2232 2277 significavit.
2302 2183 2369 2255 in
2440 2182 2760 2255 Varronis
2823 2180 3010 2255 libris
3087 2189 3154 2255 et
3219 2204 3524 2257 numeros
3584 2185 3870 2278 capitum
3949 2189 4017 2258 et
4074 2186 4257 2278 ipsos

628 2317 862 2392 titulos
921 2320 1183 2393 delevit.
1253 2320 1530 2393 alterius
1597 2318 1835 2393 codicis
1894 2320 2209 2394 lectiones
2263 2340 2530 2391 numero
2592 2339 2840 2410 paucae
2911 2321 2976 2390 et
3036 2319 3295 2390 rubrica
3331 2324 3643 2392 exaratae
3682 2320 3985 2393 similiter
4017 2321 4255 2413 partim

629 2455 698 2527 in
749 2457 1161 2549 marginibus
1217 2457 1460 2551 partim
1509 2458 1683 2530 inter
1733 2457 1945 2529 lineas
2017 2455 2301 2549 scriptae
2368 2458 2539 2527 sunt.
2587 2459 2930 2548 praeterea
3001 2454 3268 2549 singula
3321 2456 3520 2527 verba
3598 2456 3891 2529 eiusdem
3944 2457 4256 2530 Politiaui

630 2612 826 2663 manu
898 2614 1097 2686 saepe
1169 2593 1238 2665 in
1305 2594 1712 2687 marginibus
1774 2593 2020 2685 scripta
2074 2597 2253 2681 sunt,
2324 2592 2560 2684 quibus
2616 2591 2732 2665 ille
2788 2591 3029 2684 partim
3102 2594 3492 2685 argumenta
3552 2614 3800 2683 rerum,
3868 2596 3950 2667 de
4019 2594 4254 2686 quibus

630 2727 876 2820 agitur,
933 2730 1214 2802 breviter
1279 2730 1612 2818 indicavit,
1664 2729 1903 2822 partim
1951 2731 2152 2802 verba
2204 2728 2476 2821 antiqua
2538 2730 2642 2800 vel
2699 2727 2920 2820 aliquo
2978 2729 3171 2800 modo
3225 2729 3676 2801 memorabilia
3744 2731 3959 2803 notari
4026 2732 4251 2803 voluit.

628 2863 695 2935 in
749 2864 857 2936 his
903 2866 1094 2937 modo
1164 2868 1532 2937 atramento
1584 2868 1773 2938 modo
1826 2865 2085 2937 rubrica
2143 2887 2301 2937 usus
2353 2869 2473 2937 est.
2543 2885 2759 2956 pauca
2827 2869 3044 2937 autem
3100 2869 3283 2953 sunt,
3338 2887 3534 2957 quae,
3612 2867 3917 2958 quoniam
3978 2868 4254 2938 eandem

632 3000 1021 3091 scripturam
1075 3006 1275 3093 atque
1329 3006 1641 3093 excerpta
1696 3001 2010 3074 Marciani
2067 3000 2306 3074 codicis
2358 3001 2674 3089 referunt,
2729 3000 3011 3073 dubitari
3058 3003 3280 3091 potest
3333 3021 3415 3072 an
3473 3022 3557 3073 ex
3594 3002 4001 3096 marginibus
4057 3024 4257 3074 manu

632 3135 854 3227 scripti
920 3136 1070 3209 libri
1163 3137 1374 3230 petita
1436 3137 1587 3209 sint.
1677 3138 2076 3230 reliquorum
2148 3137 2472 3230 scriptura
2558 3138 2642 3208 ab
2696 3136 3024 3228 excerptis
3078 3137 3422 3229 utriusque
3487 3138 3727 3211 codicis
3795 3138 4054 3211 diversa
4131 3145 4252 3227 est,

629 3276 697 3343 et
750 3273 883 3344 alia
935 3273 1198 3364 quidem
1250 3273 1650 3361 Politianus,
1721 3282 2071 3365 antequam
2127 3245 2326 3345 manu
2377 3273 2654 3365 scriptos
2706 3272 2912 3345 libros
2956 3271 3346 3361 adhibebat,
3410 3274 3782 3366 scripsisse,
3843 3275 3975 3347 alia
4026 3277 4256 3367 postea

633 3406 967 3480 addidisse
1028 3408 1302 3479 videtur.
1373 3409 1652 3500 denique
1733 3410 1929 3481 etiam
2000 3409 2406 3481 coniecturas
2459 3410 2812 3480 nonnullas
2877 3408 3135 3479 rubrica
3189 3408 3483 3501 quidem,
3555 3430 3684 3501 qua
3721 3409 3867 3501 ipsa
3919 3410 3986 3481 in
4028 3431 4251 3484 recen-

627 3544 796 3618 tiore
848 3568 1107 3638 quoque
1160 3545 1378 3619 codice
1430 3546 1823 3619 conferendo
1876 3567 2033 3617 usus
2088 3550 2266 3632 erat,
2337 3546 2648 3616 exaratas
2699 3544 3069 3637 adscripsit.
3136 3567 3300 3636 quas
3389 3545 3790 3616 coniecturas
3861 3569 4250 3640 quamquam

628 3682 1001 3774 anteposita
1052 3686 1210 3755 nota
1262 3707 1297 3753 c
1359 3705 1400 3754 a
1452 3681 1839 3753 lectionibus
1877 3679 2117 3753 codicis
2171 3678 2495 3767 distinxit,
2549 3683 2775 3750 tamen
2828 3700 2958 3750 non
3010 3700 3281 3770 prorsus
3334 3683 3635 3753 accurate
3693 3680 3847 3753 illas
3900 3686 4254 3774 separavit,

629 3820 746 3892 sed
794 3839 939 3890 cum
1009 3840 1084 3891 eo
1133 3817 1407 3892 consilio
1468 3839 1616 3890 eum
1684 3816 1920 3888 librum
1981 3814 2420 3903 adhibuisset,
2488 3821 2561 3885 ut
2625 3818 3001 3912 corruptam
3064 3814 3316 3907 antiqui
3393 3815 3630 3888 codicis
3700 3817 4119 3909 scripturam,
4197 3820 4251 3893 si

627 3949 767 4026 fieri
822 3956 1068 4045 posset,
1123 3976 1207 4026 ex
1248 3977 1324 4026 eo
1382 3956 1759 4026 emendaret
1816 3956 2172 4045 eodemque
2221 3956 2534 4043 tempore,
2587 3954 2663 4022 ut
2688 3950 2968 4040 videtur,
3039 3951 3254 4043 siquid
3308 3953 3451 4044 ipse
3483 3952 3854 4026 coniectura
3891 3954 4252 4047 invenerat,

627 4089 1048 4178 adscriberet,
1102 4112 1232 4161 non
1292 4092 1685 4179 constanter,
1742 4089 1896 4181 quid
1951 4088 2095 4181 ipse
2138 4086 2543 4175 coniecisset,
2602 4086 2756 4177 quid
2794 4086 2860 4157 in
2884 4086 3104 4159 codice
3141 4086 3453 4180 scriptum
3490 4087 3869 4178 invenisset,
3923 4089 4253 4165 indicavit.

834 4227 993 4296 Post
1035 4224 1437 4297 Politianum
1491 4224 1722 4297 iisdem
1776 4223 2104 4302 codicibus
2158 4245 2317 4296 usus
2357 4225 2460 4294 est
2508 4224 2787 4294 Petrus
2841 4222 3267 4311 VictoriuS,
3322 4223 3429 4315 qui
3487 4246 3661 4298 anno
3727 4228 3906 4298 1541
3969 4227 4250 4319 primum

632 4359 899 4432 Catonis
957 4363 1026 4432 et
1074 4360 1390 4433 Varronis
1442 4359 1667 4449 libroS,
1721 4360 1953 4433 deinde
2005 4358 2205 4432 etiam
2260 4357 2665 4432 Columellas
2707 4360 2774 4429 et
2826 4358 3112 4430 Palladii
3183 4359 3386 4432 libros
3450 4360 3654 4433 edidit
3724 4361 3915 4454 eique
3977 4363 4245 4436 editioni

627 4495 996 4588 insequenti
1050 4519 1221 4570 anno
1269 4497 1522 4570 addidit
1573 4497 2046 4590 explicationes
2101 4517 2364 4570 suarum
2417 4496 2486 4567 in
2517 4495 2832 4567 Catonem
2870 4494 3228 4567 Varronem
3268 4495 3698 4569 Columellam
3746 4498 4249 4592 castigationum

626 4632 936 4726 Lugduni
990 4634 1161 4725 apud
1217 4634 1679 4707 Sebastianum
1736 4633 2121 4727 Gryphium.
2175 4633 2235 4705 is
2267 4632 2469 4725 igitur
2521 4631 2591 4703 in
2647 4629 3056 4722 praefatione
3111 4630 3623 4724 explicationnm
3678 4635 3758 4707 de
3814 4634 4002 4708 libris
4054 4659 4251 4709 manu

626 4768 893 4860 scriptis
950 4767 1013 4840 in
1071 4769 1318 4842 Catone
1374 4774 1441 4842 et
1470 4772 1761 4842 Varrone
1810 4793 1849 4842 a
1900 4791 1973 4843 se
2013 4767 2329 4843 adhibitis
2380 4766 2646 4858 scripsit
2697 4766 2886 4856 haec,
2924 4788 3109 4859 quae
3162 4768 3285 4840 hoc
3341 4770 3481 4841 loco
3536 4773 3850 4862 repetam,
3903 4779 4254 4866 propterea

626 4907 802 4996 quod
843 4923 1033 4977 nemo
1086 4904 1453 4978 accuratius
1507 4910 1793 4978 veterem
1846 4905 2131 4978 codicem
2183 4886 2550 4996 descripsit}

838 5039 902 5131 Q
928 5038 1119 5111 VIA
1167 5038 1353 5112 hunc
1403 5038 1711 5111 laborem
1762 5063 1909 5111 non
1967 5038 2256 5135 inqenii,
2311 5049 2437 5111 aut
2486 5036 2860 5108 doctrinae
2916 5038 3377 5110 ostentandae
3428 5066 3673 5124 causa,
3742 5040 3870 5112 sed
3907 5042 4248 5138 optimum

626 5187 1003 5259 auctorem,
1060 5174 1346 5271 eia-sque
1398 5174 1751 5248 studiosos
1804 5173 2215 5246 adiuvandi
2259 5173 2569 5271 suscepi:
2642 5172 2851 5270 cupio
2909 5169 2986 5243 in
3036 5172 3297 5268 primis
3356 5173 3572 5271 fidem
3635 5203 3862 5248 meam
3916 5178 4244 5274 probari.

626 5311 823 5384 Nam
873 5311 943 5383 sz'
988 5310 1363 5383 medz'ocmis
1412 5309 1818 5406 dz'lzyenhae
1871 5309 2155 5383 laudem
2206 5309 2500 5406 assequi
2551 5318 2877 5405 potuerO,
2925 5334 3070 5379 non
3111 5308 3406 5403 frustra.
3458 5308 3639 5382 mihi
3664 5310 3742 5382 in
3781 5323 3923 5384 tam
3958 5311 4240 5384 molesto

627 5447 904 5543 negotio
955 5457 1281 5519 uersatus
1330 5445 1647 5519 uidebor.
1762 5445 2031 5538 Quibus
2084 5443 2299 5542 {citur
2341 5442 2637 5517 auxz'lz'zs
2680 5469 2850 5515 usus
2905 5443 3057 5528 sim,
3133 5455 3195 5516 et
3255 5445 3603 5541 quomodo
3659 5473 3768 5517 nze
3835 5447 3909 5518 z'n
3982 5444 4114 5518 hac
4169 5473 4243 5517 re

619 5583 975 5679 yessemm,
1033 5581 1462 5681 explanabo.
1550 5580 1857 5653 Anatilia
1909 5593 2135 5654 antem
2179 5580 2446 5653 Vetusti
2463 5577 2634 5652 libri
2663 5579 2990 5676 fuerunt,
3045 5580 3196 5651 sine
3237 5582 3488 5677 quibus
3541 5608 3627 5653 ne
3673 5582 3840 5653 dum
3892 5580 4019 5652 hoc
4064 5609 4245 5679 opas

628 5744 1092 5814 ayqressnrus
1151 5718 1442 5809 fuerim,
1520 5716 1649 5790 uia:
1711 5715 1838 5789 hos
1889 5744 2127 5790 rernm
2197 5716 2624 5789 rusticarum
2689 5713 3095 5809 scriptores,
3173 5728 3249 5787 nt
3312 5717 3714 5788 accuratius
3783 5716 4099 5814 leffe-rem,
4163 5719 4240 5790 in

622 5879 887 5925 manus
940 5879 1256 5952 unquam
1305 5853 1638 5951 cepissem
1690 5879 1713 5924 .
1765 5854 2031 5925 omneis
2082 5853 2266 5925 enim
2310 5851 2624 5923 omnium
2696 5860 2989 5922 conatus
3044 5850 3196 5923 sinc
3259 5849 3542 5925 illoram
3615 5880 3747 5949 ope
3815 5864 3939 5926 ant
3996 5855 4241 5926 irritos
